%YAML 1.1
%TAG !u! tag:unity3d.com,2011:
--- !u!29 &1
OcclusionCullingSettings:
  m_ObjectHideFlags: 0
  serializedVersion: 2
  m_OcclusionBakeSettings:
    smallestOccluder: 5
    smallestHole: 0.25
    backfaceThreshold: 100
  m_SceneGUID: 00000000000000000000000000000000
  m_OcclusionCullingData: {fileID: 0}
--- !u!104 &2
RenderSettings:
  m_ObjectHideFlags: 0
  serializedVersion: 9
  m_Fog: 0
  m_FogColor: {r: 0.5, g: 0.5, b: 0.5, a: 1}
  m_FogMode: 3
  m_FogDensity: 0.01
  m_LinearFogStart: 0
  m_LinearFogEnd: 300
  m_AmbientSkyColor: {r: 0.212, g: 0.227, b: 0.259, a: 1}
  m_AmbientEquatorColor: {r: 0.114, g: 0.125, b: 0.133, a: 1}
  m_AmbientGroundColor: {r: 0.047, g: 0.043, b: 0.035, a: 1}
  m_AmbientIntensity: 1
  m_AmbientMode: 0
  m_SubtractiveShadowColor: {r: 0.42, g: 0.478, b: 0.627, a: 1}
  m_SkyboxMaterial: {fileID: 0}
  m_HaloStrength: 0.5
  m_FlareStrength: 1
  m_FlareFadeSpeed: 3
  m_HaloTexture: {fileID: 0}
  m_SpotCookie: {fileID: 10001, guid: 0000000000000000e000000000000000, type: 0}
  m_DefaultReflectionMode: 0
  m_DefaultReflectionResolution: 128
  m_ReflectionBounces: 1
  m_ReflectionIntensity: 1
  m_CustomReflection: {fileID: 0}
  m_Sun: {fileID: 0}
  m_IndirectSpecularColor: {r: 4147.116, g: 3912.8306, b: 4261.2515, a: 1}
  m_UseRadianceAmbientProbe: 0
--- !u!157 &3
LightmapSettings:
  m_ObjectHideFlags: 0
  serializedVersion: 12
  m_GIWorkflowMode: 1
  m_GISettings:
    serializedVersion: 2
    m_BounceScale: 1
    m_IndirectOutputScale: 1
    m_AlbedoBoost: 1
    m_EnvironmentLightingMode: 0
    m_EnableBakedLightmaps: 1
    m_EnableRealtimeLightmaps: 0
  m_LightmapEditorSettings:
    serializedVersion: 12
    m_Resolution: 2
    m_BakeResolution: 40
    m_AtlasSize: 1024
    m_AO: 0
    m_AOMaxDistance: 1
    m_CompAOExponent: 1
    m_CompAOExponentDirect: 0
    m_ExtractAmbientOcclusion: 0
    m_Padding: 2
    m_LightmapParameters: {fileID: 0}
    m_LightmapsBakeMode: 1
    m_TextureCompression: 1
    m_FinalGather: 0
    m_FinalGatherFiltering: 1
    m_FinalGatherRayCount: 256
    m_ReflectionCompression: 2
    m_MixedBakeMode: 2
    m_BakeBackend: 1
    m_PVRSampling: 1
    m_PVRDirectSampleCount: 32
    m_PVRSampleCount: 512
    m_PVRBounces: 2
    m_PVREnvironmentSampleCount: 256
    m_PVREnvironmentReferencePointCount: 2048
    m_PVRFilteringMode: 1
    m_PVRDenoiserTypeDirect: 1
    m_PVRDenoiserTypeIndirect: 1
    m_PVRDenoiserTypeAO: 1
    m_PVRFilterTypeDirect: 0
    m_PVRFilterTypeIndirect: 0
    m_PVRFilterTypeAO: 0
    m_PVREnvironmentMIS: 1
    m_PVRCulling: 1
    m_PVRFilteringGaussRadiusDirect: 1
    m_PVRFilteringGaussRadiusIndirect: 5
    m_PVRFilteringGaussRadiusAO: 2
    m_PVRFilteringAtrousPositionSigmaDirect: 0.5
    m_PVRFilteringAtrousPositionSigmaIndirect: 2
    m_PVRFilteringAtrousPositionSigmaAO: 1
    m_ExportTrainingData: 0
    m_TrainingDataDestination: TrainingData
    m_LightProbeSampleCountMultiplier: 4
  m_LightingDataAsset: {fileID: 0}
  m_LightingSettings: {fileID: 0}
--- !u!196 &4
NavMeshSettings:
  serializedVersion: 2
  m_ObjectHideFlags: 0
  m_BuildSettings:
    serializedVersion: 3
    agentTypeID: 0
    agentRadius: 0.5
    agentHeight: 2
    agentSlope: 45
    agentClimb: 0.4
    ledgeDropHeight: 0
    maxJumpAcrossDistance: 0
    minRegionArea: 2
    manualCellSize: 0
    cellSize: 0.16666667
    manualTileSize: 0
    tileSize: 256
    buildHeightMesh: 0
    maxJobWorkers: 0
    preserveTilesOutsideBounds: 0
    debug:
      m_Flags: 0
  m_NavMeshData: {fileID: 0}
--- !u!1001 &61814345
PrefabInstance:
  m_ObjectHideFlags: 0
  serializedVersion: 2
  m_Modification:
    serializedVersion: 3
    m_TransformParent: {fileID: 0}
    m_Modifications:
    - target: {fileID: 100000, guid: bfffe6f87b5561b4bbb7e7bedc02ded6, type: 3}
      propertyPath: m_StaticEditorFlags
      value: 4294967293
      objectReference: {fileID: 0}
    - target: {fileID: 100002, guid: bfffe6f87b5561b4bbb7e7bedc02ded6, type: 3}
      propertyPath: m_StaticEditorFlags
      value: 124
      objectReference: {fileID: 0}
    - target: {fileID: 100004, guid: bfffe6f87b5561b4bbb7e7bedc02ded6, type: 3}
      propertyPath: m_StaticEditorFlags
      value: 124
      objectReference: {fileID: 0}
    - target: {fileID: 100006, guid: bfffe6f87b5561b4bbb7e7bedc02ded6, type: 3}
      propertyPath: m_StaticEditorFlags
      value: 124
      objectReference: {fileID: 0}
    - target: {fileID: 100008, guid: bfffe6f87b5561b4bbb7e7bedc02ded6, type: 3}
      propertyPath: m_StaticEditorFlags
      value: 112
      objectReference: {fileID: 0}
    - target: {fileID: 100010, guid: bfffe6f87b5561b4bbb7e7bedc02ded6, type: 3}
      propertyPath: m_StaticEditorFlags
      value: 124
      objectReference: {fileID: 0}
    - target: {fileID: 100012, guid: bfffe6f87b5561b4bbb7e7bedc02ded6, type: 3}
      propertyPath: m_StaticEditorFlags
      value: 112
      objectReference: {fileID: 0}
    - target: {fileID: 100014, guid: bfffe6f87b5561b4bbb7e7bedc02ded6, type: 3}
      propertyPath: m_StaticEditorFlags
      value: 113
      objectReference: {fileID: 0}
    - target: {fileID: 100020, guid: bfffe6f87b5561b4bbb7e7bedc02ded6, type: 3}
      propertyPath: m_StaticEditorFlags
      value: 124
      objectReference: {fileID: 0}
    - target: {fileID: 100024, guid: bfffe6f87b5561b4bbb7e7bedc02ded6, type: 3}
      propertyPath: m_StaticEditorFlags
      value: 4294967293
      objectReference: {fileID: 0}
    - target: {fileID: 124988, guid: bfffe6f87b5561b4bbb7e7bedc02ded6, type: 3}
      propertyPath: m_StaticEditorFlags
      value: 124
      objectReference: {fileID: 0}
    - target: {fileID: 157448, guid: bfffe6f87b5561b4bbb7e7bedc02ded6, type: 3}
      propertyPath: m_StaticEditorFlags
      value: 124
      objectReference: {fileID: 0}
    - target: {fileID: 400000, guid: bfffe6f87b5561b4bbb7e7bedc02ded6, type: 3}
      propertyPath: m_RootOrder
      value: 9
      objectReference: {fileID: 0}
    - target: {fileID: 400000, guid: bfffe6f87b5561b4bbb7e7bedc02ded6, type: 3}
      propertyPath: m_LocalPosition.x
      value: 52.22
      objectReference: {fileID: 0}
    - target: {fileID: 400000, guid: bfffe6f87b5561b4bbb7e7bedc02ded6, type: 3}
      propertyPath: m_LocalPosition.y
      value: 4.33
      objectReference: {fileID: 0}
    - target: {fileID: 400000, guid: bfffe6f87b5561b4bbb7e7bedc02ded6, type: 3}
      propertyPath: m_LocalPosition.z
      value: -49.35
      objectReference: {fileID: 0}
    - target: {fileID: 400000, guid: bfffe6f87b5561b4bbb7e7bedc02ded6, type: 3}
      propertyPath: m_LocalRotation.w
      value: 0.096283495
      objectReference: {fileID: 0}
    - target: {fileID: 400000, guid: bfffe6f87b5561b4bbb7e7bedc02ded6, type: 3}
      propertyPath: m_LocalRotation.x
      value: 0.2504786
      objectReference: {fileID: 0}
    - target: {fileID: 400000, guid: bfffe6f87b5561b4bbb7e7bedc02ded6, type: 3}
      propertyPath: m_LocalRotation.y
      value: 0.95670325
      objectReference: {fileID: 0}
    - target: {fileID: 400000, guid: bfffe6f87b5561b4bbb7e7bedc02ded6, type: 3}
      propertyPath: m_LocalRotation.z
      value: -0.112733416
      objectReference: {fileID: 0}
    - target: {fileID: 400000, guid: bfffe6f87b5561b4bbb7e7bedc02ded6, type: 3}
      propertyPath: m_LocalEulerAnglesHint.x
      value: 15.304
      objectReference: {fileID: 0}
    - target: {fileID: 400000, guid: bfffe6f87b5561b4bbb7e7bedc02ded6, type: 3}
      propertyPath: m_LocalEulerAnglesHint.y
      value: 172.389
      objectReference: {fileID: 0}
    - target: {fileID: 400000, guid: bfffe6f87b5561b4bbb7e7bedc02ded6, type: 3}
      propertyPath: m_LocalEulerAnglesHint.z
      value: 28.319
      objectReference: {fileID: 0}
    m_RemovedComponents: []
    m_RemovedGameObjects: []
    m_AddedGameObjects: []
    m_AddedComponents: []
  m_SourcePrefab: {fileID: 100100000, guid: bfffe6f87b5561b4bbb7e7bedc02ded6, type: 3}
--- !u!1001 &87216084
PrefabInstance:
  m_ObjectHideFlags: 0
  serializedVersion: 2
  m_Modification:
    serializedVersion: 3
    m_TransformParent: {fileID: 0}
    m_Modifications:
    - target: {fileID: 100000, guid: 9c17d66b88dfce54d99d6710ec954c13, type: 3}
      propertyPath: m_Name
      value: pf_build_wall_panel_01 (69)
      objectReference: {fileID: 0}
    - target: {fileID: 100000, guid: 9c17d66b88dfce54d99d6710ec954c13, type: 3}
      propertyPath: m_IsActive
      value: 1
      objectReference: {fileID: 0}
    - target: {fileID: 100002, guid: 9c17d66b88dfce54d99d6710ec954c13, type: 3}
      propertyPath: m_StaticEditorFlags
      value: 126
      objectReference: {fileID: 0}
    - target: {fileID: 100004, guid: 9c17d66b88dfce54d99d6710ec954c13, type: 3}
      propertyPath: m_StaticEditorFlags
      value: 126
      objectReference: {fileID: 0}
    - target: {fileID: 400000, guid: 9c17d66b88dfce54d99d6710ec954c13, type: 3}
      propertyPath: m_RootOrder
      value: 11
      objectReference: {fileID: 0}
    - target: {fileID: 400000, guid: 9c17d66b88dfce54d99d6710ec954c13, type: 3}
      propertyPath: m_LocalScale.x
      value: 0.7500002
      objectReference: {fileID: 0}
    - target: {fileID: 400000, guid: 9c17d66b88dfce54d99d6710ec954c13, type: 3}
      propertyPath: m_LocalScale.z
      value: 0.7500001
      objectReference: {fileID: 0}
    - target: {fileID: 400000, guid: 9c17d66b88dfce54d99d6710ec954c13, type: 3}
      propertyPath: m_LocalPosition.x
      value: 63.489124
      objectReference: {fileID: 0}
    - target: {fileID: 400000, guid: 9c17d66b88dfce54d99d6710ec954c13, type: 3}
      propertyPath: m_LocalPosition.y
      value: 7.3989983
      objectReference: {fileID: 0}
    - target: {fileID: 400000, guid: 9c17d66b88dfce54d99d6710ec954c13, type: 3}
      propertyPath: m_LocalPosition.z
      value: 2.9817722
      objectReference: {fileID: 0}
    - target: {fileID: 400000, guid: 9c17d66b88dfce54d99d6710ec954c13, type: 3}
      propertyPath: m_LocalRotation.w
      value: 0.7931672
      objectReference: {fileID: 0}
    - target: {fileID: 400000, guid: 9c17d66b88dfce54d99d6710ec954c13, type: 3}
      propertyPath: m_LocalRotation.x
      value: -0.013208416
      objectReference: {fileID: 0}
    - target: {fileID: 400000, guid: 9c17d66b88dfce54d99d6710ec954c13, type: 3}
      propertyPath: m_LocalRotation.y
      value: 0.6086174
      objectReference: {fileID: 0}
    - target: {fileID: 400000, guid: 9c17d66b88dfce54d99d6710ec954c13, type: 3}
      propertyPath: m_LocalRotation.z
      value: 0.017213555
      objectReference: {fileID: 0}
    - target: {fileID: 400000, guid: 9c17d66b88dfce54d99d6710ec954c13, type: 3}
      propertyPath: m_LocalEulerAnglesHint.x
      value: -2.402
      objectReference: {fileID: 0}
    - target: {fileID: 400000, guid: 9c17d66b88dfce54d99d6710ec954c13, type: 3}
      propertyPath: m_LocalEulerAnglesHint.y
      value: 74.986
      objectReference: {fileID: 0}
    - target: {fileID: 400000, guid: 9c17d66b88dfce54d99d6710ec954c13, type: 3}
      propertyPath: m_LocalEulerAnglesHint.z
      value: 0.644
      objectReference: {fileID: 0}
    - target: {fileID: 2300000, guid: 9c17d66b88dfce54d99d6710ec954c13, type: 3}
      propertyPath: m_LightmapIndexDynamic
      value: 0
      objectReference: {fileID: 0}
    - target: {fileID: 2300000, guid: 9c17d66b88dfce54d99d6710ec954c13, type: 3}
      propertyPath: m_LightmapTilingOffsetDynamic.w
      value: .841796875
      objectReference: {fileID: 0}
    - target: {fileID: 2300000, guid: 9c17d66b88dfce54d99d6710ec954c13, type: 3}
      propertyPath: m_LightmapTilingOffsetDynamic.x
      value: .041015625
      objectReference: {fileID: 0}
    - target: {fileID: 2300000, guid: 9c17d66b88dfce54d99d6710ec954c13, type: 3}
      propertyPath: m_LightmapTilingOffsetDynamic.y
      value: .0546875
      objectReference: {fileID: 0}
    - target: {fileID: 2300000, guid: 9c17d66b88dfce54d99d6710ec954c13, type: 3}
      propertyPath: m_LightmapTilingOffsetDynamic.z
      value: .5625
      objectReference: {fileID: 0}
    m_RemovedComponents: []
    m_RemovedGameObjects: []
    m_AddedGameObjects: []
    m_AddedComponents: []
  m_SourcePrefab: {fileID: 100100000, guid: 9c17d66b88dfce54d99d6710ec954c13, type: 3}
--- !u!1001 &94983349
PrefabInstance:
  m_ObjectHideFlags: 0
  serializedVersion: 2
  m_Modification:
    serializedVersion: 3
    m_TransformParent: {fileID: 0}
    m_Modifications:
    - target: {fileID: 100002, guid: 3ccf2bc3f937d3649a1d2b0aeb03ba51, type: 3}
      propertyPath: m_StaticEditorFlags
      value: 4294967292
      objectReference: {fileID: 0}
    - target: {fileID: 400002, guid: 3ccf2bc3f937d3649a1d2b0aeb03ba51, type: 3}
      propertyPath: m_RootOrder
      value: 34
      objectReference: {fileID: 0}
    - target: {fileID: 400002, guid: 3ccf2bc3f937d3649a1d2b0aeb03ba51, type: 3}
      propertyPath: m_LocalPosition.x
      value: 47.83174
      objectReference: {fileID: 0}
    - target: {fileID: 400002, guid: 3ccf2bc3f937d3649a1d2b0aeb03ba51, type: 3}
      propertyPath: m_LocalPosition.y
      value: 10.467106
      objectReference: {fileID: 0}
    - target: {fileID: 400002, guid: 3ccf2bc3f937d3649a1d2b0aeb03ba51, type: 3}
      propertyPath: m_LocalPosition.z
      value: -8.449388
      objectReference: {fileID: 0}
    - target: {fileID: 400002, guid: 3ccf2bc3f937d3649a1d2b0aeb03ba51, type: 3}
      propertyPath: m_LocalRotation.w
      value: 0.32536864
      objectReference: {fileID: 0}
    - target: {fileID: 400002, guid: 3ccf2bc3f937d3649a1d2b0aeb03ba51, type: 3}
      propertyPath: m_LocalRotation.x
      value: -0.57940185
      objectReference: {fileID: 0}
    - target: {fileID: 400002, guid: 3ccf2bc3f937d3649a1d2b0aeb03ba51, type: 3}
      propertyPath: m_LocalRotation.y
      value: -0.59464043
      objectReference: {fileID: 0}
    - target: {fileID: 400002, guid: 3ccf2bc3f937d3649a1d2b0aeb03ba51, type: 3}
      propertyPath: m_LocalRotation.z
      value: 0.4525831
      objectReference: {fileID: 0}
    - target: {fileID: 2300000, guid: 3ccf2bc3f937d3649a1d2b0aeb03ba51, type: 3}
      propertyPath: m_ReceiveGI
      value: 2
      objectReference: {fileID: 0}
    - target: {fileID: 6500000, guid: 3ccf2bc3f937d3649a1d2b0aeb03ba51, type: 3}
      propertyPath: m_Enabled
      value: 0
      objectReference: {fileID: 0}
    m_RemovedComponents: []
    m_RemovedGameObjects: []
    m_AddedGameObjects: []
    m_AddedComponents: []
  m_SourcePrefab: {fileID: 100100000, guid: 3ccf2bc3f937d3649a1d2b0aeb03ba51, type: 3}
--- !u!1001 &377503323
PrefabInstance:
  m_ObjectHideFlags: 0
  serializedVersion: 2
  m_Modification:
    serializedVersion: 3
    m_TransformParent: {fileID: 0}
    m_Modifications:
    - target: {fileID: 100022, guid: 70b1cc9351b9b644f8490dc82ba9ec50, type: 3}
      propertyPath: m_StaticEditorFlags
      value: 4294967293
      objectReference: {fileID: 0}
    - target: {fileID: 100026, guid: 70b1cc9351b9b644f8490dc82ba9ec50, type: 3}
      propertyPath: m_StaticEditorFlags
      value: 124
      objectReference: {fileID: 0}
    - target: {fileID: 100028, guid: 70b1cc9351b9b644f8490dc82ba9ec50, type: 3}
      propertyPath: m_StaticEditorFlags
      value: 124
      objectReference: {fileID: 0}
    - target: {fileID: 400048, guid: 70b1cc9351b9b644f8490dc82ba9ec50, type: 3}
      propertyPath: m_RootOrder
      value: 26
      objectReference: {fileID: 0}
    - target: {fileID: 400048, guid: 70b1cc9351b9b644f8490dc82ba9ec50, type: 3}
      propertyPath: m_LocalPosition.x
      value: 52.07968
      objectReference: {fileID: 0}
    - target: {fileID: 400048, guid: 70b1cc9351b9b644f8490dc82ba9ec50, type: 3}
      propertyPath: m_LocalPosition.y
      value: 7.256551
      objectReference: {fileID: 0}
    - target: {fileID: 400048, guid: 70b1cc9351b9b644f8490dc82ba9ec50, type: 3}
      propertyPath: m_LocalPosition.z
      value: -6.890015
      objectReference: {fileID: 0}
    - target: {fileID: 400048, guid: 70b1cc9351b9b644f8490dc82ba9ec50, type: 3}
      propertyPath: m_LocalRotation.w
      value: 0.18900667
      objectReference: {fileID: 0}
    - target: {fileID: 400048, guid: 70b1cc9351b9b644f8490dc82ba9ec50, type: 3}
      propertyPath: m_LocalRotation.x
      value: -0
      objectReference: {fileID: 0}
    - target: {fileID: 400048, guid: 70b1cc9351b9b644f8490dc82ba9ec50, type: 3}
      propertyPath: m_LocalRotation.y
      value: 0.98197585
      objectReference: {fileID: 0}
    - target: {fileID: 400048, guid: 70b1cc9351b9b644f8490dc82ba9ec50, type: 3}
      propertyPath: m_LocalRotation.z
      value: -0
      objectReference: {fileID: 0}
    - target: {fileID: 2300000, guid: 70b1cc9351b9b644f8490dc82ba9ec50, type: 3}
      propertyPath: m_LightmapIndexDynamic
      value: 0
      objectReference: {fileID: 0}
    - target: {fileID: 2300000, guid: 70b1cc9351b9b644f8490dc82ba9ec50, type: 3}
      propertyPath: m_LightmapTilingOffsetDynamic.w
      value: .181640625
      objectReference: {fileID: 0}
    - target: {fileID: 2300000, guid: 70b1cc9351b9b644f8490dc82ba9ec50, type: 3}
      propertyPath: m_LightmapTilingOffsetDynamic.x
      value: .150390625
      objectReference: {fileID: 0}
    - target: {fileID: 2300000, guid: 70b1cc9351b9b644f8490dc82ba9ec50, type: 3}
      propertyPath: m_LightmapTilingOffsetDynamic.y
      value: .134765625
      objectReference: {fileID: 0}
    - target: {fileID: 2300000, guid: 70b1cc9351b9b644f8490dc82ba9ec50, type: 3}
      propertyPath: m_LightmapTilingOffsetDynamic.z
      value: .83203125
      objectReference: {fileID: 0}
    - target: {fileID: 2300002, guid: 70b1cc9351b9b644f8490dc82ba9ec50, type: 3}
      propertyPath: m_ReceiveGI
      value: 2
      objectReference: {fileID: 0}
    m_RemovedComponents: []
    m_RemovedGameObjects: []
    m_AddedGameObjects: []
    m_AddedComponents: []
  m_SourcePrefab: {fileID: 100100000, guid: 70b1cc9351b9b644f8490dc82ba9ec50, type: 3}
--- !u!1001 &675161886
PrefabInstance:
  m_ObjectHideFlags: 0
  serializedVersion: 2
  m_Modification:
    serializedVersion: 3
    m_TransformParent: {fileID: 0}
    m_Modifications:
    - target: {fileID: 100000, guid: 9c17d66b88dfce54d99d6710ec954c13, type: 3}
      propertyPath: m_IsActive
      value: 1
      objectReference: {fileID: 0}
    - target: {fileID: 100002, guid: 9c17d66b88dfce54d99d6710ec954c13, type: 3}
      propertyPath: m_StaticEditorFlags
      value: 126
      objectReference: {fileID: 0}
    - target: {fileID: 100004, guid: 9c17d66b88dfce54d99d6710ec954c13, type: 3}
      propertyPath: m_StaticEditorFlags
      value: 126
      objectReference: {fileID: 0}
    - target: {fileID: 400000, guid: 9c17d66b88dfce54d99d6710ec954c13, type: 3}
      propertyPath: m_RootOrder
      value: 17
      objectReference: {fileID: 0}
    - target: {fileID: 400000, guid: 9c17d66b88dfce54d99d6710ec954c13, type: 3}
      propertyPath: m_LocalPosition.x
      value: 55.4
      objectReference: {fileID: 0}
    - target: {fileID: 400000, guid: 9c17d66b88dfce54d99d6710ec954c13, type: 3}
      propertyPath: m_LocalPosition.y
      value: 8.31
      objectReference: {fileID: 0}
    - target: {fileID: 400000, guid: 9c17d66b88dfce54d99d6710ec954c13, type: 3}
      propertyPath: m_LocalPosition.z
      value: -22.77
      objectReference: {fileID: 0}
    - target: {fileID: 400000, guid: 9c17d66b88dfce54d99d6710ec954c13, type: 3}
      propertyPath: m_LocalRotation.w
      value: 0.99655616
      objectReference: {fileID: 0}
    - target: {fileID: 400000, guid: 9c17d66b88dfce54d99d6710ec954c13, type: 3}
      propertyPath: m_LocalRotation.x
      value: -0.0017368679
      objectReference: {fileID: 0}
    - target: {fileID: 400000, guid: 9c17d66b88dfce54d99d6710ec954c13, type: 3}
      propertyPath: m_LocalRotation.y
      value: -0.08003142
      objectReference: {fileID: 0}
    - target: {fileID: 400000, guid: 9c17d66b88dfce54d99d6710ec954c13, type: 3}
      propertyPath: m_LocalRotation.z
      value: 0.021627579
      objectReference: {fileID: 0}
    - target: {fileID: 2300000, guid: 9c17d66b88dfce54d99d6710ec954c13, type: 3}
      propertyPath: m_LightmapIndexDynamic
      value: 0
      objectReference: {fileID: 0}
    - target: {fileID: 2300000, guid: 9c17d66b88dfce54d99d6710ec954c13, type: 3}
      propertyPath: m_LightmapTilingOffsetDynamic.w
      value: .5
      objectReference: {fileID: 0}
    - target: {fileID: 2300000, guid: 9c17d66b88dfce54d99d6710ec954c13, type: 3}
      propertyPath: m_LightmapTilingOffsetDynamic.x
      value: .0410156287
      objectReference: {fileID: 0}
    - target: {fileID: 2300000, guid: 9c17d66b88dfce54d99d6710ec954c13, type: 3}
      propertyPath: m_LightmapTilingOffsetDynamic.y
      value: .0546875
      objectReference: {fileID: 0}
    - target: {fileID: 2300000, guid: 9c17d66b88dfce54d99d6710ec954c13, type: 3}
      propertyPath: m_LightmapTilingOffsetDynamic.z
      value: .91015625
      objectReference: {fileID: 0}
    m_RemovedComponents: []
    m_RemovedGameObjects: []
    m_AddedGameObjects: []
    m_AddedComponents: []
  m_SourcePrefab: {fileID: 100100000, guid: 9c17d66b88dfce54d99d6710ec954c13, type: 3}
--- !u!1001 &964466931
PrefabInstance:
  m_ObjectHideFlags: 0
  serializedVersion: 2
  m_Modification:
    serializedVersion: 3
    m_TransformParent: {fileID: 0}
    m_Modifications:
    - target: {fileID: 1000011949594382, guid: 75fa8bf3a73ee6b4da0c7a2c6d3db6a1, type: 3}
      propertyPath: m_Name
      value: Rock_03 (24)
      objectReference: {fileID: 0}
    - target: {fileID: 4000013308252972, guid: 75fa8bf3a73ee6b4da0c7a2c6d3db6a1, type: 3}
      propertyPath: m_LocalScale.x
      value: 2.7678
      objectReference: {fileID: 0}
    - target: {fileID: 4000013308252972, guid: 75fa8bf3a73ee6b4da0c7a2c6d3db6a1, type: 3}
      propertyPath: m_LocalScale.y
      value: 2.7678
      objectReference: {fileID: 0}
    - target: {fileID: 4000013308252972, guid: 75fa8bf3a73ee6b4da0c7a2c6d3db6a1, type: 3}
      propertyPath: m_LocalScale.z
      value: 2.7678
      objectReference: {fileID: 0}
    - target: {fileID: 4000013308252972, guid: 75fa8bf3a73ee6b4da0c7a2c6d3db6a1, type: 3}
      propertyPath: m_LocalPosition.x
      value: 58.311054
      objectReference: {fileID: 0}
    - target: {fileID: 4000013308252972, guid: 75fa8bf3a73ee6b4da0c7a2c6d3db6a1, type: 3}
      propertyPath: m_LocalPosition.y
      value: 7.3477
      objectReference: {fileID: 0}
    - target: {fileID: 4000013308252972, guid: 75fa8bf3a73ee6b4da0c7a2c6d3db6a1, type: 3}
      propertyPath: m_LocalPosition.z
      value: -55.38985
      objectReference: {fileID: 0}
    - target: {fileID: 4000013308252972, guid: 75fa8bf3a73ee6b4da0c7a2c6d3db6a1, type: 3}
      propertyPath: m_LocalRotation.w
      value: 0.13377249
      objectReference: {fileID: 0}
    - target: {fileID: 4000013308252972, guid: 75fa8bf3a73ee6b4da0c7a2c6d3db6a1, type: 3}
      propertyPath: m_LocalRotation.x
      value: 0.8655942
      objectReference: {fileID: 0}
    - target: {fileID: 4000013308252972, guid: 75fa8bf3a73ee6b4da0c7a2c6d3db6a1, type: 3}
      propertyPath: m_LocalRotation.y
      value: 0.35854116
      objectReference: {fileID: 0}
    - target: {fileID: 4000013308252972, guid: 75fa8bf3a73ee6b4da0c7a2c6d3db6a1, type: 3}
      propertyPath: m_LocalRotation.z
      value: 0.32295495
      objectReference: {fileID: 0}
    - target: {fileID: 4000013308252972, guid: 75fa8bf3a73ee6b4da0c7a2c6d3db6a1, type: 3}
      propertyPath: m_LocalEulerAnglesHint.x
      value: 0
      objectReference: {fileID: 0}
    - target: {fileID: 4000013308252972, guid: 75fa8bf3a73ee6b4da0c7a2c6d3db6a1, type: 3}
      propertyPath: m_LocalEulerAnglesHint.y
      value: 139.079
      objectReference: {fileID: 0}
    - target: {fileID: 4000013308252972, guid: 75fa8bf3a73ee6b4da0c7a2c6d3db6a1, type: 3}
      propertyPath: m_LocalEulerAnglesHint.z
      value: 135
      objectReference: {fileID: 0}
    m_RemovedComponents: []
    m_RemovedGameObjects: []
    m_AddedGameObjects: []
    m_AddedComponents: []
  m_SourcePrefab: {fileID: 100100000, guid: 75fa8bf3a73ee6b4da0c7a2c6d3db6a1, type: 3}
--- !u!1001 &988193296
PrefabInstance:
  m_ObjectHideFlags: 0
  serializedVersion: 2
  m_Modification:
    serializedVersion: 3
    m_TransformParent: {fileID: 0}
    m_Modifications:
    - target: {fileID: 100002, guid: 43b1e32e7fce60a4bb13ea61ae8e33f7, type: 3}
      propertyPath: m_StaticEditorFlags
      value: 4294967293
      objectReference: {fileID: 0}
    - target: {fileID: 100004, guid: 43b1e32e7fce60a4bb13ea61ae8e33f7, type: 3}
      propertyPath: m_StaticEditorFlags
      value: 4294967293
      objectReference: {fileID: 0}
    - target: {fileID: 100006, guid: 43b1e32e7fce60a4bb13ea61ae8e33f7, type: 3}
      propertyPath: m_StaticEditorFlags
      value: 124
      objectReference: {fileID: 0}
    - target: {fileID: 400004, guid: 43b1e32e7fce60a4bb13ea61ae8e33f7, type: 3}
      propertyPath: m_RootOrder
      value: 4
      objectReference: {fileID: 0}
    - target: {fileID: 400004, guid: 43b1e32e7fce60a4bb13ea61ae8e33f7, type: 3}
      propertyPath: m_LocalPosition.x
      value: 50.754
      objectReference: {fileID: 0}
    - target: {fileID: 400004, guid: 43b1e32e7fce60a4bb13ea61ae8e33f7, type: 3}
      propertyPath: m_LocalPosition.y
      value: 9.58
      objectReference: {fileID: 0}
    - target: {fileID: 400004, guid: 43b1e32e7fce60a4bb13ea61ae8e33f7, type: 3}
      propertyPath: m_LocalPosition.z
      value: -39.691
      objectReference: {fileID: 0}
    - target: {fileID: 400004, guid: 43b1e32e7fce60a4bb13ea61ae8e33f7, type: 3}
      propertyPath: m_LocalRotation.w
      value: 0.5707964
      objectReference: {fileID: 0}
    - target: {fileID: 400004, guid: 43b1e32e7fce60a4bb13ea61ae8e33f7, type: 3}
      propertyPath: m_LocalRotation.x
      value: -0.5997728
      objectReference: {fileID: 0}
    - target: {fileID: 400004, guid: 43b1e32e7fce60a4bb13ea61ae8e33f7, type: 3}
      propertyPath: m_LocalRotation.y
      value: 0.38090128
      objectReference: {fileID: 0}
    - target: {fileID: 400004, guid: 43b1e32e7fce60a4bb13ea61ae8e33f7, type: 3}
      propertyPath: m_LocalRotation.z
      value: 0.41155604
      objectReference: {fileID: 0}
    - target: {fileID: 400004, guid: 43b1e32e7fce60a4bb13ea61ae8e33f7, type: 3}
      propertyPath: m_LocalEulerAnglesHint.x
      value: -93.418
      objectReference: {fileID: 0}
    - target: {fileID: 400004, guid: 43b1e32e7fce60a4bb13ea61ae8e33f7, type: 3}
      propertyPath: m_LocalEulerAnglesHint.y
      value: 80.71
      objectReference: {fileID: 0}
    - target: {fileID: 400004, guid: 43b1e32e7fce60a4bb13ea61ae8e33f7, type: 3}
      propertyPath: m_LocalEulerAnglesHint.z
      value: -12.515015
      objectReference: {fileID: 0}
    - target: {fileID: 2300000, guid: 43b1e32e7fce60a4bb13ea61ae8e33f7, type: 3}
      propertyPath: m_LightmapIndexDynamic
      value: 255
      objectReference: {fileID: 0}
    - target: {fileID: 2300000, guid: 43b1e32e7fce60a4bb13ea61ae8e33f7, type: 3}
      propertyPath: m_LightmapTilingOffsetDynamic.w
      value: 0
      objectReference: {fileID: 0}
    - target: {fileID: 2300000, guid: 43b1e32e7fce60a4bb13ea61ae8e33f7, type: 3}
      propertyPath: m_LightmapTilingOffsetDynamic.x
      value: 1
      objectReference: {fileID: 0}
    - target: {fileID: 2300000, guid: 43b1e32e7fce60a4bb13ea61ae8e33f7, type: 3}
      propertyPath: m_LightmapTilingOffsetDynamic.y
      value: 1
      objectReference: {fileID: 0}
    - target: {fileID: 2300000, guid: 43b1e32e7fce60a4bb13ea61ae8e33f7, type: 3}
      propertyPath: m_LightmapTilingOffsetDynamic.z
      value: 0
      objectReference: {fileID: 0}
    m_RemovedComponents: []
    m_RemovedGameObjects: []
    m_AddedGameObjects: []
    m_AddedComponents: []
  m_SourcePrefab: {fileID: 100100000, guid: 43b1e32e7fce60a4bb13ea61ae8e33f7, type: 3}
--- !u!1001 &1190348315
PrefabInstance:
  m_ObjectHideFlags: 0
  serializedVersion: 2
  m_Modification:
    serializedVersion: 3
    m_TransformParent: {fileID: 0}
    m_Modifications:
    - target: {fileID: 100002, guid: b375698b498496640b77976be04ec05e, type: 3}
      propertyPath: m_StaticEditorFlags
      value: 4294967295
      objectReference: {fileID: 0}
    - target: {fileID: 400002, guid: b375698b498496640b77976be04ec05e, type: 3}
      propertyPath: m_RootOrder
      value: 0
      objectReference: {fileID: 0}
    - target: {fileID: 400002, guid: b375698b498496640b77976be04ec05e, type: 3}
      propertyPath: m_LocalScale.x
      value: 1.5
      objectReference: {fileID: 0}
    - target: {fileID: 400002, guid: b375698b498496640b77976be04ec05e, type: 3}
      propertyPath: m_LocalScale.y
      value: 1.5
      objectReference: {fileID: 0}
    - target: {fileID: 400002, guid: b375698b498496640b77976be04ec05e, type: 3}
      propertyPath: m_LocalScale.z
      value: 1.5
      objectReference: {fileID: 0}
    - target: {fileID: 400002, guid: b375698b498496640b77976be04ec05e, type: 3}
      propertyPath: m_LocalPosition.x
      value: 62.422005
      objectReference: {fileID: 0}
    - target: {fileID: 400002, guid: b375698b498496640b77976be04ec05e, type: 3}
      propertyPath: m_LocalPosition.y
      value: 9.620085
      objectReference: {fileID: 0}
    - target: {fileID: 400002, guid: b375698b498496640b77976be04ec05e, type: 3}
      propertyPath: m_LocalPosition.z
      value: -16.116974
      objectReference: {fileID: 0}
    - target: {fileID: 400002, guid: b375698b498496640b77976be04ec05e, type: 3}
      propertyPath: m_LocalRotation.w
      value: -0.7449433
      objectReference: {fileID: 0}
    - target: {fileID: 400002, guid: b375698b498496640b77976be04ec05e, type: 3}
      propertyPath: m_LocalRotation.x
      value: 0.37644473
      objectReference: {fileID: 0}
    - target: {fileID: 400002, guid: b375698b498496640b77976be04ec05e, type: 3}
      propertyPath: m_LocalRotation.y
      value: 0.5406334
      objectReference: {fileID: 0}
    - target: {fileID: 400002, guid: b375698b498496640b77976be04ec05e, type: 3}
      propertyPath: m_LocalRotation.z
      value: -0.105187386
      objectReference: {fileID: 0}
    - target: {fileID: 2300002, guid: b375698b498496640b77976be04ec05e, type: 3}
      propertyPath: m_LightmapIndexDynamic
      value: 255
      objectReference: {fileID: 0}
    - target: {fileID: 2300002, guid: b375698b498496640b77976be04ec05e, type: 3}
      propertyPath: m_LightmapTilingOffsetDynamic.w
      value: 0
      objectReference: {fileID: 0}
    - target: {fileID: 2300002, guid: b375698b498496640b77976be04ec05e, type: 3}
      propertyPath: m_LightmapTilingOffsetDynamic.x
      value: 1
      objectReference: {fileID: 0}
    - target: {fileID: 2300002, guid: b375698b498496640b77976be04ec05e, type: 3}
      propertyPath: m_LightmapTilingOffsetDynamic.y
      value: 1
      objectReference: {fileID: 0}
    - target: {fileID: 2300002, guid: b375698b498496640b77976be04ec05e, type: 3}
      propertyPath: m_LightmapTilingOffsetDynamic.z
      value: 0
      objectReference: {fileID: 0}
    m_RemovedComponents: []
    m_RemovedGameObjects: []
    m_AddedGameObjects: []
    m_AddedComponents: []
  m_SourcePrefab: {fileID: 100100000, guid: b375698b498496640b77976be04ec05e, type: 3}
--- !u!1001 &1234430982
PrefabInstance:
  m_ObjectHideFlags: 0
  serializedVersion: 2
  m_Modification:
    serializedVersion: 3
    m_TransformParent: {fileID: 0}
    m_Modifications:
    - target: {fileID: 1000010869019282, guid: d7ba4fe833670a140b9b6085652f0e26, type: 3}
      propertyPath: m_Name
      value: Rock_02 (1)
      objectReference: {fileID: 0}
    - target: {fileID: 4000010653347892, guid: d7ba4fe833670a140b9b6085652f0e26, type: 3}
      propertyPath: m_LocalScale.x
      value: 3.8925
      objectReference: {fileID: 0}
    - target: {fileID: 4000010653347892, guid: d7ba4fe833670a140b9b6085652f0e26, type: 3}
      propertyPath: m_LocalScale.y
      value: 7.1848044
      objectReference: {fileID: 0}
    - target: {fileID: 4000010653347892, guid: d7ba4fe833670a140b9b6085652f0e26, type: 3}
      propertyPath: m_LocalScale.z
      value: 4.140217
      objectReference: {fileID: 0}
    - target: {fileID: 4000010653347892, guid: d7ba4fe833670a140b9b6085652f0e26, type: 3}
      propertyPath: m_LocalPosition.x
      value: 37.36
      objectReference: {fileID: 0}
    - target: {fileID: 4000010653347892, guid: d7ba4fe833670a140b9b6085652f0e26, type: 3}
      propertyPath: m_LocalPosition.y
      value: 10.16
      objectReference: {fileID: 0}
    - target: {fileID: 4000010653347892, guid: d7ba4fe833670a140b9b6085652f0e26, type: 3}
      propertyPath: m_LocalPosition.z
      value: -64.71
      objectReference: {fileID: 0}
    - target: {fileID: 4000010653347892, guid: d7ba4fe833670a140b9b6085652f0e26, type: 3}
      propertyPath: m_LocalRotation.w
      value: 0.21956958
      objectReference: {fileID: 0}
    - target: {fileID: 4000010653347892, guid: d7ba4fe833670a140b9b6085652f0e26, type: 3}
      propertyPath: m_LocalRotation.x
      value: -0.04182545
      objectReference: {fileID: 0}
    - target: {fileID: 4000010653347892, guid: d7ba4fe833670a140b9b6085652f0e26, type: 3}
      propertyPath: m_LocalRotation.y
      value: -0.9574832
      objectReference: {fileID: 0}
    - target: {fileID: 4000010653347892, guid: d7ba4fe833670a140b9b6085652f0e26, type: 3}
      propertyPath: m_LocalRotation.z
      value: 0.18238941
      objectReference: {fileID: 0}
    - target: {fileID: 4000010653347892, guid: d7ba4fe833670a140b9b6085652f0e26, type: 3}
      propertyPath: m_LocalEulerAnglesHint.x
      value: 19.324
      objectReference: {fileID: 0}
    - target: {fileID: 4000010653347892, guid: d7ba4fe833670a140b9b6085652f0e26, type: 3}
      propertyPath: m_LocalEulerAnglesHint.y
      value: -152.501
      objectReference: {fileID: 0}
    - target: {fileID: 4000010653347892, guid: d7ba4fe833670a140b9b6085652f0e26, type: 3}
      propertyPath: m_LocalEulerAnglesHint.z
      value: 9.773
      objectReference: {fileID: 0}
    m_RemovedComponents: []
    m_RemovedGameObjects: []
    m_AddedGameObjects: []
    m_AddedComponents: []
  m_SourcePrefab: {fileID: 100100000, guid: d7ba4fe833670a140b9b6085652f0e26, type: 3}
--- !u!1001 &1272219178
PrefabInstance:
  m_ObjectHideFlags: 0
  serializedVersion: 2
  m_Modification:
    serializedVersion: 3
    m_TransformParent: {fileID: 0}
    m_Modifications:
    - target: {fileID: 100000, guid: 54c5a00fc75fc854ca53900fe513f638, type: 3}
      propertyPath: m_IsActive
      value: 1
      objectReference: {fileID: 0}
    - target: {fileID: 100002, guid: 54c5a00fc75fc854ca53900fe513f638, type: 3}
      propertyPath: m_StaticEditorFlags
      value: 126
      objectReference: {fileID: 0}
    - target: {fileID: 100004, guid: 54c5a00fc75fc854ca53900fe513f638, type: 3}
      propertyPath: m_StaticEditorFlags
      value: 126
      objectReference: {fileID: 0}
    - target: {fileID: 400000, guid: 54c5a00fc75fc854ca53900fe513f638, type: 3}
      propertyPath: m_RootOrder
      value: 18
      objectReference: {fileID: 0}
    - target: {fileID: 400000, guid: 54c5a00fc75fc854ca53900fe513f638, type: 3}
      propertyPath: m_LocalPosition.x
      value: 57.62
      objectReference: {fileID: 0}
    - target: {fileID: 400000, guid: 54c5a00fc75fc854ca53900fe513f638, type: 3}
      propertyPath: m_LocalPosition.y
      value: 7.5
      objectReference: {fileID: 0}
    - target: {fileID: 400000, guid: 54c5a00fc75fc854ca53900fe513f638, type: 3}
      propertyPath: m_LocalPosition.z
      value: -33.62
      objectReference: {fileID: 0}
    - target: {fileID: 400000, guid: 54c5a00fc75fc854ca53900fe513f638, type: 3}
      propertyPath: m_LocalRotation.w
      value: 0.9967352
      objectReference: {fileID: 0}
    - target: {fileID: 400000, guid: 54c5a00fc75fc854ca53900fe513f638, type: 3}
      propertyPath: m_LocalRotation.x
      value: -0
      objectReference: {fileID: 0}
    - target: {fileID: 400000, guid: 54c5a00fc75fc854ca53900fe513f638, type: 3}
      propertyPath: m_LocalRotation.y
      value: -0.08073996
      objectReference: {fileID: 0}
    - target: {fileID: 400000, guid: 54c5a00fc75fc854ca53900fe513f638, type: 3}
      propertyPath: m_LocalRotation.z
      value: -0
      objectReference: {fileID: 0}
    - target: {fileID: 2300000, guid: 54c5a00fc75fc854ca53900fe513f638, type: 3}
      propertyPath: m_LightmapTilingOffsetDynamic.w
      value: .431640625
      objectReference: {fileID: 0}
    - target: {fileID: 2300000, guid: 54c5a00fc75fc854ca53900fe513f638, type: 3}
      propertyPath: m_LightmapTilingOffsetDynamic.x
      value: .06640625
      objectReference: {fileID: 0}
    - target: {fileID: 2300000, guid: 54c5a00fc75fc854ca53900fe513f638, type: 3}
      propertyPath: m_LightmapTilingOffsetDynamic.y
      value: .068359375
      objectReference: {fileID: 0}
    - target: {fileID: 2300000, guid: 54c5a00fc75fc854ca53900fe513f638, type: 3}
      propertyPath: m_LightmapTilingOffsetDynamic.z
      value: .921875
      objectReference: {fileID: 0}
    m_RemovedComponents: []
    m_RemovedGameObjects: []
    m_AddedGameObjects: []
    m_AddedComponents: []
  m_SourcePrefab: {fileID: 100100000, guid: 54c5a00fc75fc854ca53900fe513f638, type: 3}
--- !u!1001 &1546474944
PrefabInstance:
  m_ObjectHideFlags: 0
  serializedVersion: 2
  m_Modification:
    serializedVersion: 3
    m_TransformParent: {fileID: 0}
    m_Modifications:
    - target: {fileID: 100000, guid: 54c5a00fc75fc854ca53900fe513f638, type: 3}
      propertyPath: m_IsActive
      value: 1
      objectReference: {fileID: 0}
    - target: {fileID: 100002, guid: 54c5a00fc75fc854ca53900fe513f638, type: 3}
      propertyPath: m_StaticEditorFlags
      value: 126
      objectReference: {fileID: 0}
    - target: {fileID: 100004, guid: 54c5a00fc75fc854ca53900fe513f638, type: 3}
      propertyPath: m_StaticEditorFlags
      value: 126
      objectReference: {fileID: 0}
    - target: {fileID: 400000, guid: 54c5a00fc75fc854ca53900fe513f638, type: 3}
      propertyPath: m_RootOrder
      value: 22
      objectReference: {fileID: 0}
    - target: {fileID: 400000, guid: 54c5a00fc75fc854ca53900fe513f638, type: 3}
      propertyPath: m_LocalPosition.x
      value: 59.17
      objectReference: {fileID: 0}
    - target: {fileID: 400000, guid: 54c5a00fc75fc854ca53900fe513f638, type: 3}
      propertyPath: m_LocalPosition.y
      value: 7.9
      objectReference: {fileID: 0}
    - target: {fileID: 400000, guid: 54c5a00fc75fc854ca53900fe513f638, type: 3}
      propertyPath: m_LocalPosition.z
      value: -2.32
      objectReference: {fileID: 0}
    - target: {fileID: 400000, guid: 54c5a00fc75fc854ca53900fe513f638, type: 3}
      propertyPath: m_LocalRotation.w
      value: 0.98707914
      objectReference: {fileID: 0}
    - target: {fileID: 400000, guid: 54c5a00fc75fc854ca53900fe513f638, type: 3}
      propertyPath: m_LocalRotation.x
      value: -0
      objectReference: {fileID: 0}
    - target: {fileID: 400000, guid: 54c5a00fc75fc854ca53900fe513f638, type: 3}
      propertyPath: m_LocalRotation.y
      value: -0.16023372
      objectReference: {fileID: 0}
    - target: {fileID: 400000, guid: 54c5a00fc75fc854ca53900fe513f638, type: 3}
      propertyPath: m_LocalRotation.z
      value: -0
      objectReference: {fileID: 0}
    - target: {fileID: 2300000, guid: 54c5a00fc75fc854ca53900fe513f638, type: 3}
      propertyPath: m_LightmapIndexDynamic
      value: 0
      objectReference: {fileID: 0}
    - target: {fileID: 2300000, guid: 54c5a00fc75fc854ca53900fe513f638, type: 3}
      propertyPath: m_LightmapTilingOffsetDynamic.w
      value: .431640625
      objectReference: {fileID: 0}
    - target: {fileID: 2300000, guid: 54c5a00fc75fc854ca53900fe513f638, type: 3}
      propertyPath: m_LightmapTilingOffsetDynamic.x
      value: .06640625
      objectReference: {fileID: 0}
    - target: {fileID: 2300000, guid: 54c5a00fc75fc854ca53900fe513f638, type: 3}
      propertyPath: m_LightmapTilingOffsetDynamic.y
      value: .068359375
      objectReference: {fileID: 0}
    - target: {fileID: 2300000, guid: 54c5a00fc75fc854ca53900fe513f638, type: 3}
      propertyPath: m_LightmapTilingOffsetDynamic.z
      value: .85546875
      objectReference: {fileID: 0}
    m_RemovedComponents: []
    m_RemovedGameObjects: []
    m_AddedGameObjects: []
    m_AddedComponents: []
  m_SourcePrefab: {fileID: 100100000, guid: 54c5a00fc75fc854ca53900fe513f638, type: 3}
--- !u!1001 &1577350719
PrefabInstance:
  m_ObjectHideFlags: 0
  serializedVersion: 2
  m_Modification:
    serializedVersion: 3
    m_TransformParent: {fileID: 0}
    m_Modifications:
    - target: {fileID: 100000, guid: 9c17d66b88dfce54d99d6710ec954c13, type: 3}
      propertyPath: m_Name
      value: pf_build_wall_panel_01 (26)
      objectReference: {fileID: 0}
    - target: {fileID: 100000, guid: 9c17d66b88dfce54d99d6710ec954c13, type: 3}
      propertyPath: m_IsActive
      value: 1
      objectReference: {fileID: 0}
    - target: {fileID: 100002, guid: 9c17d66b88dfce54d99d6710ec954c13, type: 3}
      propertyPath: m_StaticEditorFlags
      value: 126
      objectReference: {fileID: 0}
    - target: {fileID: 100004, guid: 9c17d66b88dfce54d99d6710ec954c13, type: 3}
      propertyPath: m_StaticEditorFlags
      value: 126
      objectReference: {fileID: 0}
    - target: {fileID: 400000, guid: 9c17d66b88dfce54d99d6710ec954c13, type: 3}
      propertyPath: m_RootOrder
      value: 17
      objectReference: {fileID: 0}
    - target: {fileID: 400000, guid: 9c17d66b88dfce54d99d6710ec954c13, type: 3}
      propertyPath: m_LocalPosition.x
      value: 54.641964
      objectReference: {fileID: 0}
    - target: {fileID: 400000, guid: 9c17d66b88dfce54d99d6710ec954c13, type: 3}
      propertyPath: m_LocalPosition.y
      value: 8.31
      objectReference: {fileID: 0}
    - target: {fileID: 400000, guid: 9c17d66b88dfce54d99d6710ec954c13, type: 3}
      propertyPath: m_LocalPosition.z
      value: -18.080877
      objectReference: {fileID: 0}
    - target: {fileID: 400000, guid: 9c17d66b88dfce54d99d6710ec954c13, type: 3}
      propertyPath: m_LocalRotation.w
      value: 0.99655616
      objectReference: {fileID: 0}
    - target: {fileID: 400000, guid: 9c17d66b88dfce54d99d6710ec954c13, type: 3}
      propertyPath: m_LocalRotation.x
      value: -0.0017368679
      objectReference: {fileID: 0}
    - target: {fileID: 400000, guid: 9c17d66b88dfce54d99d6710ec954c13, type: 3}
      propertyPath: m_LocalRotation.y
      value: -0.08003142
      objectReference: {fileID: 0}
    - target: {fileID: 400000, guid: 9c17d66b88dfce54d99d6710ec954c13, type: 3}
      propertyPath: m_LocalRotation.z
      value: 0.021627579
      objectReference: {fileID: 0}
    - target: {fileID: 2300000, guid: 9c17d66b88dfce54d99d6710ec954c13, type: 3}
      propertyPath: m_LightmapIndexDynamic
      value: 0
      objectReference: {fileID: 0}
    - target: {fileID: 2300000, guid: 9c17d66b88dfce54d99d6710ec954c13, type: 3}
      propertyPath: m_LightmapTilingOffsetDynamic.w
      value: .5
      objectReference: {fileID: 0}
    - target: {fileID: 2300000, guid: 9c17d66b88dfce54d99d6710ec954c13, type: 3}
      propertyPath: m_LightmapTilingOffsetDynamic.x
      value: .0410156287
      objectReference: {fileID: 0}
    - target: {fileID: 2300000, guid: 9c17d66b88dfce54d99d6710ec954c13, type: 3}
      propertyPath: m_LightmapTilingOffsetDynamic.y
      value: .0546875
      objectReference: {fileID: 0}
    - target: {fileID: 2300000, guid: 9c17d66b88dfce54d99d6710ec954c13, type: 3}
      propertyPath: m_LightmapTilingOffsetDynamic.z
      value: .91015625
      objectReference: {fileID: 0}
    m_RemovedComponents: []
    m_RemovedGameObjects: []
    m_AddedGameObjects: []
    m_AddedComponents: []
  m_SourcePrefab: {fileID: 100100000, guid: 9c17d66b88dfce54d99d6710ec954c13, type: 3}
--- !u!1001 &1633170649
PrefabInstance:
  m_ObjectHideFlags: 0
  serializedVersion: 2
  m_Modification:
    serializedVersion: 3
    m_TransformParent: {fileID: 0}
    m_Modifications:
    - target: {fileID: 100000, guid: 9c17d66b88dfce54d99d6710ec954c13, type: 3}
      propertyPath: m_IsActive
      value: 1
      objectReference: {fileID: 0}
    - target: {fileID: 100002, guid: 9c17d66b88dfce54d99d6710ec954c13, type: 3}
      propertyPath: m_StaticEditorFlags
      value: 126
      objectReference: {fileID: 0}
    - target: {fileID: 100004, guid: 9c17d66b88dfce54d99d6710ec954c13, type: 3}
      propertyPath: m_StaticEditorFlags
      value: 126
      objectReference: {fileID: 0}
    - target: {fileID: 400000, guid: 9c17d66b88dfce54d99d6710ec954c13, type: 3}
      propertyPath: m_RootOrder
      value: 16
      objectReference: {fileID: 0}
    - target: {fileID: 400000, guid: 9c17d66b88dfce54d99d6710ec954c13, type: 3}
      propertyPath: m_LocalScale.x
      value: 0.75000006
      objectReference: {fileID: 0}
    - target: {fileID: 400000, guid: 9c17d66b88dfce54d99d6710ec954c13, type: 3}
      propertyPath: m_LocalPosition.x
      value: 56.58
      objectReference: {fileID: 0}
    - target: {fileID: 400000, guid: 9c17d66b88dfce54d99d6710ec954c13, type: 3}
      propertyPath: m_LocalPosition.y
      value: 8.06
      objectReference: {fileID: 0}
    - target: {fileID: 400000, guid: 9c17d66b88dfce54d99d6710ec954c13, type: 3}
      propertyPath: m_LocalPosition.z
      value: -27.75
      objectReference: {fileID: 0}
    - target: {fileID: 400000, guid: 9c17d66b88dfce54d99d6710ec954c13, type: 3}
      propertyPath: m_LocalRotation.w
      value: 0.99652815
      objectReference: {fileID: 0}
    - target: {fileID: 400000, guid: 9c17d66b88dfce54d99d6710ec954c13, type: 3}
      propertyPath: m_LocalRotation.x
      value: -0.0017444262
      objectReference: {fileID: 0}
    - target: {fileID: 400000, guid: 9c17d66b88dfce54d99d6710ec954c13, type: 3}
      propertyPath: m_LocalRotation.y
      value: -0.08037974
      objectReference: {fileID: 0}
    - target: {fileID: 400000, guid: 9c17d66b88dfce54d99d6710ec954c13, type: 3}
      propertyPath: m_LocalRotation.z
      value: 0.021626964
      objectReference: {fileID: 0}
    - target: {fileID: 2300000, guid: 9c17d66b88dfce54d99d6710ec954c13, type: 3}
      propertyPath: m_LightmapIndexDynamic
      value: 0
      objectReference: {fileID: 0}
    - target: {fileID: 2300000, guid: 9c17d66b88dfce54d99d6710ec954c13, type: 3}
      propertyPath: m_LightmapTilingOffsetDynamic.w
      value: .8359375
      objectReference: {fileID: 0}
    - target: {fileID: 2300000, guid: 9c17d66b88dfce54d99d6710ec954c13, type: 3}
      propertyPath: m_LightmapTilingOffsetDynamic.x
      value: .041015625
      objectReference: {fileID: 0}
    - target: {fileID: 2300000, guid: 9c17d66b88dfce54d99d6710ec954c13, type: 3}
      propertyPath: m_LightmapTilingOffsetDynamic.y
      value: .0546875
      objectReference: {fileID: 0}
    - target: {fileID: 2300000, guid: 9c17d66b88dfce54d99d6710ec954c13, type: 3}
      propertyPath: m_LightmapTilingOffsetDynamic.z
      value: .50390625
      objectReference: {fileID: 0}
    m_RemovedComponents: []
    m_RemovedGameObjects: []
    m_AddedGameObjects: []
    m_AddedComponents: []
  m_SourcePrefab: {fileID: 100100000, guid: 9c17d66b88dfce54d99d6710ec954c13, type: 3}
--- !u!1001 &1672842473
PrefabInstance:
  m_ObjectHideFlags: 0
  serializedVersion: 2
  m_Modification:
    serializedVersion: 3
    m_TransformParent: {fileID: 0}
    m_Modifications:
    - target: {fileID: 100000, guid: 9c17d66b88dfce54d99d6710ec954c13, type: 3}
      propertyPath: m_IsActive
      value: 1
      objectReference: {fileID: 0}
    - target: {fileID: 100002, guid: 9c17d66b88dfce54d99d6710ec954c13, type: 3}
      propertyPath: m_StaticEditorFlags
      value: 126
      objectReference: {fileID: 0}
    - target: {fileID: 100004, guid: 9c17d66b88dfce54d99d6710ec954c13, type: 3}
      propertyPath: m_StaticEditorFlags
      value: 126
      objectReference: {fileID: 0}
    - target: {fileID: 400000, guid: 9c17d66b88dfce54d99d6710ec954c13, type: 3}
      propertyPath: m_RootOrder
      value: 33
      objectReference: {fileID: 0}
    - target: {fileID: 400000, guid: 9c17d66b88dfce54d99d6710ec954c13, type: 3}
      propertyPath: m_LocalScale.z
      value: 0.7499999
      objectReference: {fileID: 0}
    - target: {fileID: 400000, guid: 9c17d66b88dfce54d99d6710ec954c13, type: 3}
      propertyPath: m_LocalPosition.x
      value: 51.19
      objectReference: {fileID: 0}
    - target: {fileID: 400000, guid: 9c17d66b88dfce54d99d6710ec954c13, type: 3}
      propertyPath: m_LocalPosition.y
      value: 7.33
      objectReference: {fileID: 0}
    - target: {fileID: 400000, guid: 9c17d66b88dfce54d99d6710ec954c13, type: 3}
      propertyPath: m_LocalPosition.z
      value: -34.91
      objectReference: {fileID: 0}
    - target: {fileID: 400000, guid: 9c17d66b88dfce54d99d6710ec954c13, type: 3}
      propertyPath: m_LocalRotation.w
      value: 0.87339926
      objectReference: {fileID: 0}
    - target: {fileID: 400000, guid: 9c17d66b88dfce54d99d6710ec954c13, type: 3}
      propertyPath: m_LocalRotation.x
      value: 0.018216947
      objectReference: {fileID: 0}
    - target: {fileID: 400000, guid: 9c17d66b88dfce54d99d6710ec954c13, type: 3}
      propertyPath: m_LocalRotation.y
      value: 0.48652133
      objectReference: {fileID: 0}
    - target: {fileID: 400000, guid: 9c17d66b88dfce54d99d6710ec954c13, type: 3}
      propertyPath: m_LocalRotation.z
      value: 0.011786057
      objectReference: {fileID: 0}
    - target: {fileID: 400000, guid: 9c17d66b88dfce54d99d6710ec954c13, type: 3}
      propertyPath: m_LocalEulerAnglesHint.x
      value: 1.166
      objectReference: {fileID: 0}
    - target: {fileID: 400000, guid: 9c17d66b88dfce54d99d6710ec954c13, type: 3}
      propertyPath: m_LocalEulerAnglesHint.y
      value: 58.262
      objectReference: {fileID: 0}
    - target: {fileID: 400000, guid: 9c17d66b88dfce54d99d6710ec954c13, type: 3}
      propertyPath: m_LocalEulerAnglesHint.z
      value: 2.196
      objectReference: {fileID: 0}
    - target: {fileID: 2300000, guid: 9c17d66b88dfce54d99d6710ec954c13, type: 3}
      propertyPath: m_LightmapTilingOffsetDynamic.w
      value: .94140625
      objectReference: {fileID: 0}
    - target: {fileID: 2300000, guid: 9c17d66b88dfce54d99d6710ec954c13, type: 3}
      propertyPath: m_LightmapTilingOffsetDynamic.x
      value: .041015625
      objectReference: {fileID: 0}
    - target: {fileID: 2300000, guid: 9c17d66b88dfce54d99d6710ec954c13, type: 3}
      propertyPath: m_LightmapTilingOffsetDynamic.y
      value: .0546875
      objectReference: {fileID: 0}
    - target: {fileID: 2300000, guid: 9c17d66b88dfce54d99d6710ec954c13, type: 3}
      propertyPath: m_LightmapTilingOffsetDynamic.z
      value: .26171875
      objectReference: {fileID: 0}
    m_RemovedComponents: []
    m_RemovedGameObjects: []
    m_AddedGameObjects: []
    m_AddedComponents: []
  m_SourcePrefab: {fileID: 100100000, guid: 9c17d66b88dfce54d99d6710ec954c13, type: 3}
--- !u!1001 &1682502792
PrefabInstance:
  m_ObjectHideFlags: 0
  serializedVersion: 2
  m_Modification:
    serializedVersion: 3
    m_TransformParent: {fileID: 0}
    m_Modifications:
    - target: {fileID: 100002, guid: 96277ceebc5377447aa2d5d5795d7c55, type: 3}
      propertyPath: m_StaticEditorFlags
      value: 124
      objectReference: {fileID: 0}
    - target: {fileID: 100004, guid: 96277ceebc5377447aa2d5d5795d7c55, type: 3}
      propertyPath: m_StaticEditorFlags
      value: 125
      objectReference: {fileID: 0}
    - target: {fileID: 400004, guid: 96277ceebc5377447aa2d5d5795d7c55, type: 3}
      propertyPath: m_RootOrder
      value: 0
      objectReference: {fileID: 0}
    - target: {fileID: 400004, guid: 96277ceebc5377447aa2d5d5795d7c55, type: 3}
      propertyPath: m_LocalPosition.x
      value: 59.62
      objectReference: {fileID: 0}
    - target: {fileID: 400004, guid: 96277ceebc5377447aa2d5d5795d7c55, type: 3}
      propertyPath: m_LocalPosition.y
      value: 9.71
      objectReference: {fileID: 0}
    - target: {fileID: 400004, guid: 96277ceebc5377447aa2d5d5795d7c55, type: 3}
      propertyPath: m_LocalPosition.z
      value: -21.32
      objectReference: {fileID: 0}
    - target: {fileID: 400004, guid: 96277ceebc5377447aa2d5d5795d7c55, type: 3}
      propertyPath: m_LocalRotation.w
      value: -0.7866446
      objectReference: {fileID: 0}
    - target: {fileID: 400004, guid: 96277ceebc5377447aa2d5d5795d7c55, type: 3}
      propertyPath: m_LocalRotation.x
      value: -0
      objectReference: {fileID: 0}
    - target: {fileID: 400004, guid: 96277ceebc5377447aa2d5d5795d7c55, type: 3}
      propertyPath: m_LocalRotation.y
      value: -0.61740613
      objectReference: {fileID: 0}
    - target: {fileID: 400004, guid: 96277ceebc5377447aa2d5d5795d7c55, type: 3}
      propertyPath: m_LocalRotation.z
      value: -0
      objectReference: {fileID: 0}
    - target: {fileID: 2300000, guid: 96277ceebc5377447aa2d5d5795d7c55, type: 3}
      propertyPath: m_ReceiveGI
      value: 2
      objectReference: {fileID: 0}
    m_RemovedComponents: []
    m_RemovedGameObjects: []
    m_AddedGameObjects: []
    m_AddedComponents: []
  m_SourcePrefab: {fileID: 100100000, guid: 96277ceebc5377447aa2d5d5795d7c55, type: 3}
--- !u!1001 &1703934668
PrefabInstance:
  m_ObjectHideFlags: 0
  serializedVersion: 2
  m_Modification:
    serializedVersion: 3
    m_TransformParent: {fileID: 0}
    m_Modifications:
    - target: {fileID: 100000, guid: 9c17d66b88dfce54d99d6710ec954c13, type: 3}
      propertyPath: m_Name
      value: pf_build_wall_panel_01 (71)
      objectReference: {fileID: 0}
    - target: {fileID: 100000, guid: 9c17d66b88dfce54d99d6710ec954c13, type: 3}
      propertyPath: m_IsActive
      value: 1
      objectReference: {fileID: 0}
    - target: {fileID: 100002, guid: 9c17d66b88dfce54d99d6710ec954c13, type: 3}
      propertyPath: m_StaticEditorFlags
      value: 126
      objectReference: {fileID: 0}
    - target: {fileID: 100004, guid: 9c17d66b88dfce54d99d6710ec954c13, type: 3}
      propertyPath: m_StaticEditorFlags
      value: 126
      objectReference: {fileID: 0}
    - target: {fileID: 400000, guid: 9c17d66b88dfce54d99d6710ec954c13, type: 3}
      propertyPath: m_RootOrder
      value: 11
      objectReference: {fileID: 0}
    - target: {fileID: 400000, guid: 9c17d66b88dfce54d99d6710ec954c13, type: 3}
      propertyPath: m_LocalScale.x
      value: 0.75000024
      objectReference: {fileID: 0}
    - target: {fileID: 400000, guid: 9c17d66b88dfce54d99d6710ec954c13, type: 3}
      propertyPath: m_LocalScale.z
      value: 0.7500001
      objectReference: {fileID: 0}
    - target: {fileID: 400000, guid: 9c17d66b88dfce54d99d6710ec954c13, type: 3}
      propertyPath: m_LocalPosition.x
      value: 73.32735
      objectReference: {fileID: 0}
    - target: {fileID: 400000, guid: 9c17d66b88dfce54d99d6710ec954c13, type: 3}
      propertyPath: m_LocalPosition.y
      value: 6.825281
      objectReference: {fileID: 0}
    - target: {fileID: 400000, guid: 9c17d66b88dfce54d99d6710ec954c13, type: 3}
      propertyPath: m_LocalPosition.z
      value: 2.720001
      objectReference: {fileID: 0}
    - target: {fileID: 400000, guid: 9c17d66b88dfce54d99d6710ec954c13, type: 3}
      propertyPath: m_LocalRotation.w
      value: 0.7069412
      objectReference: {fileID: 0}
    - target: {fileID: 400000, guid: 9c17d66b88dfce54d99d6710ec954c13, type: 3}
      propertyPath: m_LocalRotation.x
      value: -0.015342232
      objectReference: {fileID: 0}
    - target: {fileID: 400000, guid: 9c17d66b88dfce54d99d6710ec954c13, type: 3}
      propertyPath: m_LocalRotation.y
      value: 0.7069395
      objectReference: {fileID: 0}
    - target: {fileID: 400000, guid: 9c17d66b88dfce54d99d6710ec954c13, type: 3}
      propertyPath: m_LocalRotation.z
      value: 0.01534225
      objectReference: {fileID: 0}
    - target: {fileID: 400000, guid: 9c17d66b88dfce54d99d6710ec954c13, type: 3}
      propertyPath: m_LocalEulerAnglesHint.x
      value: -2.487
      objectReference: {fileID: 0}
    - target: {fileID: 400000, guid: 9c17d66b88dfce54d99d6710ec954c13, type: 3}
      propertyPath: m_LocalEulerAnglesHint.y
      value: 90
      objectReference: {fileID: 0}
    - target: {fileID: 400000, guid: 9c17d66b88dfce54d99d6710ec954c13, type: 3}
      propertyPath: m_LocalEulerAnglesHint.z
      value: 0
      objectReference: {fileID: 0}
    - target: {fileID: 2300000, guid: 9c17d66b88dfce54d99d6710ec954c13, type: 3}
      propertyPath: m_LightmapIndexDynamic
      value: 0
      objectReference: {fileID: 0}
    - target: {fileID: 2300000, guid: 9c17d66b88dfce54d99d6710ec954c13, type: 3}
      propertyPath: m_LightmapTilingOffsetDynamic.w
      value: .841796875
      objectReference: {fileID: 0}
    - target: {fileID: 2300000, guid: 9c17d66b88dfce54d99d6710ec954c13, type: 3}
      propertyPath: m_LightmapTilingOffsetDynamic.x
      value: .041015625
      objectReference: {fileID: 0}
    - target: {fileID: 2300000, guid: 9c17d66b88dfce54d99d6710ec954c13, type: 3}
      propertyPath: m_LightmapTilingOffsetDynamic.y
      value: .0546875
      objectReference: {fileID: 0}
    - target: {fileID: 2300000, guid: 9c17d66b88dfce54d99d6710ec954c13, type: 3}
      propertyPath: m_LightmapTilingOffsetDynamic.z
      value: .5625
      objectReference: {fileID: 0}
    m_RemovedComponents: []
    m_RemovedGameObjects: []
    m_AddedGameObjects: []
    m_AddedComponents: []
  m_SourcePrefab: {fileID: 100100000, guid: 9c17d66b88dfce54d99d6710ec954c13, type: 3}
--- !u!1001 &1923732269
PrefabInstance:
  m_ObjectHideFlags: 0
  serializedVersion: 2
  m_Modification:
    serializedVersion: 3
    m_TransformParent: {fileID: 0}
    m_Modifications:
    - target: {fileID: 100000, guid: 9c17d66b88dfce54d99d6710ec954c13, type: 3}
      propertyPath: m_Name
      value: pf_build_wall_panel_01 (70)
      objectReference: {fileID: 0}
    - target: {fileID: 100000, guid: 9c17d66b88dfce54d99d6710ec954c13, type: 3}
      propertyPath: m_IsActive
      value: 1
      objectReference: {fileID: 0}
    - target: {fileID: 100002, guid: 9c17d66b88dfce54d99d6710ec954c13, type: 3}
      propertyPath: m_StaticEditorFlags
      value: 126
      objectReference: {fileID: 0}
    - target: {fileID: 100004, guid: 9c17d66b88dfce54d99d6710ec954c13, type: 3}
      propertyPath: m_StaticEditorFlags
      value: 126
      objectReference: {fileID: 0}
    - target: {fileID: 400000, guid: 9c17d66b88dfce54d99d6710ec954c13, type: 3}
      propertyPath: m_RootOrder
      value: 11
      objectReference: {fileID: 0}
    - target: {fileID: 400000, guid: 9c17d66b88dfce54d99d6710ec954c13, type: 3}
      propertyPath: m_LocalScale.x
      value: 0.7500001
      objectReference: {fileID: 0}
    - target: {fileID: 400000, guid: 9c17d66b88dfce54d99d6710ec954c13, type: 3}
      propertyPath: m_LocalScale.z
      value: 0.7500001
      objectReference: {fileID: 0}
    - target: {fileID: 400000, guid: 9c17d66b88dfce54d99d6710ec954c13, type: 3}
      propertyPath: m_LocalPosition.x
      value: 68.59631
      objectReference: {fileID: 0}
    - target: {fileID: 400000, guid: 9c17d66b88dfce54d99d6710ec954c13, type: 3}
      propertyPath: m_LocalPosition.y
      value: 7.370542
      objectReference: {fileID: 0}
    - target: {fileID: 400000, guid: 9c17d66b88dfce54d99d6710ec954c13, type: 3}
      propertyPath: m_LocalPosition.z
      value: 2.2796197
      objectReference: {fileID: 0}
    - target: {fileID: 400000, guid: 9c17d66b88dfce54d99d6710ec954c13, type: 3}
      propertyPath: m_LocalRotation.w
      value: 0.6086193
      objectReference: {fileID: 0}
    - target: {fileID: 400000, guid: 9c17d66b88dfce54d99d6710ec954c13, type: 3}
      propertyPath: m_LocalRotation.x
      value: -0.01721354
      objectReference: {fileID: 0}
    - target: {fileID: 400000, guid: 9c17d66b88dfce54d99d6710ec954c13, type: 3}
      propertyPath: m_LocalRotation.y
      value: 0.79316574
      objectReference: {fileID: 0}
    - target: {fileID: 400000, guid: 9c17d66b88dfce54d99d6710ec954c13, type: 3}
      propertyPath: m_LocalRotation.z
      value: 0.013208434
      objectReference: {fileID: 0}
    - target: {fileID: 400000, guid: 9c17d66b88dfce54d99d6710ec954c13, type: 3}
      propertyPath: m_LocalEulerAnglesHint.x
      value: -2.402
      objectReference: {fileID: 0}
    - target: {fileID: 400000, guid: 9c17d66b88dfce54d99d6710ec954c13, type: 3}
      propertyPath: m_LocalEulerAnglesHint.y
      value: 105.013
      objectReference: {fileID: 0}
    - target: {fileID: 400000, guid: 9c17d66b88dfce54d99d6710ec954c13, type: 3}
      propertyPath: m_LocalEulerAnglesHint.z
      value: -0.644
      objectReference: {fileID: 0}
    - target: {fileID: 2300000, guid: 9c17d66b88dfce54d99d6710ec954c13, type: 3}
      propertyPath: m_LightmapIndexDynamic
      value: 0
      objectReference: {fileID: 0}
    - target: {fileID: 2300000, guid: 9c17d66b88dfce54d99d6710ec954c13, type: 3}
      propertyPath: m_LightmapTilingOffsetDynamic.w
      value: .841796875
      objectReference: {fileID: 0}
    - target: {fileID: 2300000, guid: 9c17d66b88dfce54d99d6710ec954c13, type: 3}
      propertyPath: m_LightmapTilingOffsetDynamic.x
      value: .041015625
      objectReference: {fileID: 0}
    - target: {fileID: 2300000, guid: 9c17d66b88dfce54d99d6710ec954c13, type: 3}
      propertyPath: m_LightmapTilingOffsetDynamic.y
      value: .0546875
      objectReference: {fileID: 0}
    - target: {fileID: 2300000, guid: 9c17d66b88dfce54d99d6710ec954c13, type: 3}
      propertyPath: m_LightmapTilingOffsetDynamic.z
      value: .5625
      objectReference: {fileID: 0}
    m_RemovedComponents: []
    m_RemovedGameObjects: []
    m_AddedGameObjects: []
    m_AddedComponents: []
  m_SourcePrefab: {fileID: 100100000, guid: 9c17d66b88dfce54d99d6710ec954c13, type: 3}
--- !u!1001 &1940564818
PrefabInstance:
  m_ObjectHideFlags: 0
  serializedVersion: 2
  m_Modification:
    serializedVersion: 3
    m_TransformParent: {fileID: 0}
    m_Modifications:
    - target: {fileID: 100000, guid: 9c17d66b88dfce54d99d6710ec954c13, type: 3}
      propertyPath: m_Name
      value: pf_build_wall_panel_01 (27)
      objectReference: {fileID: 0}
    - target: {fileID: 100000, guid: 9c17d66b88dfce54d99d6710ec954c13, type: 3}
      propertyPath: m_IsActive
      value: 1
      objectReference: {fileID: 0}
    - target: {fileID: 100002, guid: 9c17d66b88dfce54d99d6710ec954c13, type: 3}
      propertyPath: m_StaticEditorFlags
      value: 126
      objectReference: {fileID: 0}
    - target: {fileID: 100004, guid: 9c17d66b88dfce54d99d6710ec954c13, type: 3}
      propertyPath: m_StaticEditorFlags
      value: 126
      objectReference: {fileID: 0}
    - target: {fileID: 400000, guid: 9c17d66b88dfce54d99d6710ec954c13, type: 3}
      propertyPath: m_RootOrder
      value: 17
      objectReference: {fileID: 0}
    - target: {fileID: 400000, guid: 9c17d66b88dfce54d99d6710ec954c13, type: 3}
      propertyPath: m_LocalPosition.x
      value: 53.923824
      objectReference: {fileID: 0}
    - target: {fileID: 400000, guid: 9c17d66b88dfce54d99d6710ec954c13, type: 3}
      propertyPath: m_LocalPosition.y
      value: 8.31
      objectReference: {fileID: 0}
    - target: {fileID: 400000, guid: 9c17d66b88dfce54d99d6710ec954c13, type: 3}
      propertyPath: m_LocalPosition.z
      value: -13.63855
      objectReference: {fileID: 0}
    - target: {fileID: 400000, guid: 9c17d66b88dfce54d99d6710ec954c13, type: 3}
      propertyPath: m_LocalRotation.w
      value: 0.99655616
      objectReference: {fileID: 0}
    - target: {fileID: 400000, guid: 9c17d66b88dfce54d99d6710ec954c13, type: 3}
      propertyPath: m_LocalRotation.x
      value: -0.0017368679
      objectReference: {fileID: 0}
    - target: {fileID: 400000, guid: 9c17d66b88dfce54d99d6710ec954c13, type: 3}
      propertyPath: m_LocalRotation.y
      value: -0.08003142
      objectReference: {fileID: 0}
    - target: {fileID: 400000, guid: 9c17d66b88dfce54d99d6710ec954c13, type: 3}
      propertyPath: m_LocalRotation.z
      value: 0.021627579
      objectReference: {fileID: 0}
    - target: {fileID: 2300000, guid: 9c17d66b88dfce54d99d6710ec954c13, type: 3}
      propertyPath: m_LightmapIndexDynamic
      value: 0
      objectReference: {fileID: 0}
    - target: {fileID: 2300000, guid: 9c17d66b88dfce54d99d6710ec954c13, type: 3}
      propertyPath: m_LightmapTilingOffsetDynamic.w
      value: .5
      objectReference: {fileID: 0}
    - target: {fileID: 2300000, guid: 9c17d66b88dfce54d99d6710ec954c13, type: 3}
      propertyPath: m_LightmapTilingOffsetDynamic.x
      value: .0410156287
      objectReference: {fileID: 0}
    - target: {fileID: 2300000, guid: 9c17d66b88dfce54d99d6710ec954c13, type: 3}
      propertyPath: m_LightmapTilingOffsetDynamic.y
      value: .0546875
      objectReference: {fileID: 0}
    - target: {fileID: 2300000, guid: 9c17d66b88dfce54d99d6710ec954c13, type: 3}
      propertyPath: m_LightmapTilingOffsetDynamic.z
      value: .91015625
      objectReference: {fileID: 0}
    m_RemovedComponents: []
    m_RemovedGameObjects: []
    m_AddedGameObjects: []
    m_AddedComponents: []
  m_SourcePrefab: {fileID: 100100000, guid: 9c17d66b88dfce54d99d6710ec954c13, type: 3}
--- !u!1001 &2030889309
PrefabInstance:
  m_ObjectHideFlags: 0
  serializedVersion: 2
  m_Modification:
    serializedVersion: 3
    m_TransformParent: {fileID: 0}
    m_Modifications:
    - target: {fileID: 100002, guid: 96277ceebc5377447aa2d5d5795d7c55, type: 3}
      propertyPath: m_StaticEditorFlags
      value: 124
      objectReference: {fileID: 0}
    - target: {fileID: 100004, guid: 96277ceebc5377447aa2d5d5795d7c55, type: 3}
      propertyPath: m_StaticEditorFlags
      value: 125
      objectReference: {fileID: 0}
    - target: {fileID: 400004, guid: 96277ceebc5377447aa2d5d5795d7c55, type: 3}
      propertyPath: m_RootOrder
      value: 1
      objectReference: {fileID: 0}
    - target: {fileID: 400004, guid: 96277ceebc5377447aa2d5d5795d7c55, type: 3}
      propertyPath: m_LocalPosition.x
      value: 58.02
      objectReference: {fileID: 0}
    - target: {fileID: 400004, guid: 96277ceebc5377447aa2d5d5795d7c55, type: 3}
      propertyPath: m_LocalPosition.y
      value: 9.32
      objectReference: {fileID: 0}
    - target: {fileID: 400004, guid: 96277ceebc5377447aa2d5d5795d7c55, type: 3}
      propertyPath: m_LocalPosition.z
      value: -11.65
      objectReference: {fileID: 0}
    - target: {fileID: 400004, guid: 96277ceebc5377447aa2d5d5795d7c55, type: 3}
      propertyPath: m_LocalRotation.w
      value: -0.18301806
      objectReference: {fileID: 0}
    - target: {fileID: 400004, guid: 96277ceebc5377447aa2d5d5795d7c55, type: 3}
      propertyPath: m_LocalRotation.x
      value: -0
      objectReference: {fileID: 0}
    - target: {fileID: 400004, guid: 96277ceebc5377447aa2d5d5795d7c55, type: 3}
      propertyPath: m_LocalRotation.y
      value: -0.9831096
      objectReference: {fileID: 0}
    - target: {fileID: 400004, guid: 96277ceebc5377447aa2d5d5795d7c55, type: 3}
      propertyPath: m_LocalRotation.z
      value: -0
      objectReference: {fileID: 0}
    - target: {fileID: 2300000, guid: 96277ceebc5377447aa2d5d5795d7c55, type: 3}
      propertyPath: m_ReceiveGI
      value: 2
      objectReference: {fileID: 0}
    m_RemovedComponents: []
    m_RemovedGameObjects: []
    m_AddedGameObjects: []
    m_AddedComponents: []
  m_SourcePrefab: {fileID: 100100000, guid: 96277ceebc5377447aa2d5d5795d7c55, type: 3}
--- !u!1660057539 &9223372036854775807
SceneRoots:
  m_ObjectHideFlags: 0
  m_Roots:
  - {fileID: 964466931}
  - {fileID: 61814345}
  - {fileID: 988193296}
  - {fileID: 1672842473}
  - {fileID: 1272219178}
  - {fileID: 1633170649}
  - {fileID: 1682502792}
  - {fileID: 675161886}
  - {fileID: 1190348315}
  - {fileID: 1577350719}
  - {fileID: 1940564818}
  - {fileID: 2030889309}
  - {fileID: 1234430982}
  - {fileID: 1703934668}
  - {fileID: 1923732269}
  - {fileID: 87216084}
  - {fileID: 1546474944}
  - {fileID: 377503323}
  - {fileID: 94983349}
