%YAML 1.1
%TAG !u! tag:unity3d.com,2011:
--- !u!29 &1
OcclusionCullingSettings:
  m_ObjectHideFlags: 0
  serializedVersion: 2
  m_OcclusionBakeSettings:
    smallestOccluder: 5
    smallestHole: 0.25
    backfaceThreshold: 100
  m_SceneGUID: 00000000000000000000000000000000
  m_OcclusionCullingData: {fileID: 0}
--- !u!104 &2
RenderSettings:
  m_ObjectHideFlags: 0
  serializedVersion: 9
  m_Fog: 0
  m_FogColor: {r: 0.5, g: 0.5, b: 0.5, a: 1}
  m_FogMode: 3
  m_FogDensity: 0.01
  m_LinearFogStart: 0
  m_LinearFogEnd: 300
  m_AmbientSkyColor: {r: 0.212, g: 0.227, b: 0.259, a: 1}
  m_AmbientEquatorColor: {r: 0.114, g: 0.125, b: 0.133, a: 1}
  m_AmbientGroundColor: {r: 0.047, g: 0.043, b: 0.035, a: 1}
  m_AmbientIntensity: 1
  m_AmbientMode: 0
  m_SubtractiveShadowColor: {r: 0.42, g: 0.478, b: 0.627, a: 1}
  m_SkyboxMaterial: {fileID: 0}
  m_HaloStrength: 0.5
  m_FlareStrength: 1
  m_FlareFadeSpeed: 3
  m_HaloTexture: {fileID: 0}
  m_SpotCookie: {fileID: 10001, guid: 0000000000000000e000000000000000, type: 0}
  m_DefaultReflectionMode: 0
  m_DefaultReflectionResolution: 128
  m_ReflectionBounces: 1
  m_ReflectionIntensity: 1
  m_CustomReflection: {fileID: 0}
  m_Sun: {fileID: 0}
  m_IndirectSpecularColor: {r: 4147.116, g: 3912.8306, b: 4261.2515, a: 1}
  m_UseRadianceAmbientProbe: 0
--- !u!157 &3
LightmapSettings:
  m_ObjectHideFlags: 0
  serializedVersion: 12
  m_GIWorkflowMode: 1
  m_GISettings:
    serializedVersion: 2
    m_BounceScale: 1
    m_IndirectOutputScale: 1
    m_AlbedoBoost: 1
    m_EnvironmentLightingMode: 0
    m_EnableBakedLightmaps: 1
    m_EnableRealtimeLightmaps: 0
  m_LightmapEditorSettings:
    serializedVersion: 12
    m_Resolution: 2
    m_BakeResolution: 40
    m_AtlasSize: 1024
    m_AO: 0
    m_AOMaxDistance: 1
    m_CompAOExponent: 1
    m_CompAOExponentDirect: 0
    m_ExtractAmbientOcclusion: 0
    m_Padding: 2
    m_LightmapParameters: {fileID: 0}
    m_LightmapsBakeMode: 1
    m_TextureCompression: 1
    m_FinalGather: 0
    m_FinalGatherFiltering: 1
    m_FinalGatherRayCount: 256
    m_ReflectionCompression: 2
    m_MixedBakeMode: 2
    m_BakeBackend: 1
    m_PVRSampling: 1
    m_PVRDirectSampleCount: 32
    m_PVRSampleCount: 512
    m_PVRBounces: 2
    m_PVREnvironmentSampleCount: 256
    m_PVREnvironmentReferencePointCount: 2048
    m_PVRFilteringMode: 1
    m_PVRDenoiserTypeDirect: 1
    m_PVRDenoiserTypeIndirect: 1
    m_PVRDenoiserTypeAO: 1
    m_PVRFilterTypeDirect: 0
    m_PVRFilterTypeIndirect: 0
    m_PVRFilterTypeAO: 0
    m_PVREnvironmentMIS: 1
    m_PVRCulling: 1
    m_PVRFilteringGaussRadiusDirect: 1
    m_PVRFilteringGaussRadiusIndirect: 5
    m_PVRFilteringGaussRadiusAO: 2
    m_PVRFilteringAtrousPositionSigmaDirect: 0.5
    m_PVRFilteringAtrousPositionSigmaIndirect: 2
    m_PVRFilteringAtrousPositionSigmaAO: 1
    m_ExportTrainingData: 0
    m_TrainingDataDestination: TrainingData
    m_LightProbeSampleCountMultiplier: 4
  m_LightingDataAsset: {fileID: 0}
  m_LightingSettings: {fileID: 0}
--- !u!196 &4
NavMeshSettings:
  serializedVersion: 2
  m_ObjectHideFlags: 0
  m_BuildSettings:
    serializedVersion: 3
    agentTypeID: 0
    agentRadius: 0.5
    agentHeight: 2
    agentSlope: 45
    agentClimb: 0.4
    ledgeDropHeight: 0
    maxJumpAcrossDistance: 0
    minRegionArea: 2
    manualCellSize: 0
    cellSize: 0.16666667
    manualTileSize: 0
    tileSize: 256
    buildHeightMesh: 0
    maxJobWorkers: 0
    preserveTilesOutsideBounds: 0
    debug:
      m_Flags: 0
  m_NavMeshData: {fileID: 0}
--- !u!1001 &29206932
PrefabInstance:
  m_ObjectHideFlags: 0
  serializedVersion: 2
  m_Modification:
    serializedVersion: 3
    m_TransformParent: {fileID: 0}
    m_Modifications:
    - target: {fileID: 100000, guid: 9c17d66b88dfce54d99d6710ec954c13, type: 3}
      propertyPath: m_Name
      value: pf_build_wall_panel_01 (66)
      objectReference: {fileID: 0}
    - target: {fileID: 100000, guid: 9c17d66b88dfce54d99d6710ec954c13, type: 3}
      propertyPath: m_IsActive
      value: 1
      objectReference: {fileID: 0}
    - target: {fileID: 100002, guid: 9c17d66b88dfce54d99d6710ec954c13, type: 3}
      propertyPath: m_StaticEditorFlags
      value: 126
      objectReference: {fileID: 0}
    - target: {fileID: 100004, guid: 9c17d66b88dfce54d99d6710ec954c13, type: 3}
      propertyPath: m_StaticEditorFlags
      value: 126
      objectReference: {fileID: 0}
    - target: {fileID: 400000, guid: 9c17d66b88dfce54d99d6710ec954c13, type: 3}
      propertyPath: m_RootOrder
      value: 30
      objectReference: {fileID: 0}
    - target: {fileID: 400000, guid: 9c17d66b88dfce54d99d6710ec954c13, type: 3}
      propertyPath: m_LocalScale.x
      value: 0.74999994
      objectReference: {fileID: 0}
    - target: {fileID: 400000, guid: 9c17d66b88dfce54d99d6710ec954c13, type: 3}
      propertyPath: m_LocalScale.z
      value: 0.74999994
      objectReference: {fileID: 0}
    - target: {fileID: 400000, guid: 9c17d66b88dfce54d99d6710ec954c13, type: 3}
      propertyPath: m_LocalPosition.x
      value: -145.78223
      objectReference: {fileID: 0}
    - target: {fileID: 400000, guid: 9c17d66b88dfce54d99d6710ec954c13, type: 3}
      propertyPath: m_LocalPosition.y
      value: 17.197
      objectReference: {fileID: 0}
    - target: {fileID: 400000, guid: 9c17d66b88dfce54d99d6710ec954c13, type: 3}
      propertyPath: m_LocalPosition.z
      value: -119.97893
      objectReference: {fileID: 0}
    - target: {fileID: 400000, guid: 9c17d66b88dfce54d99d6710ec954c13, type: 3}
      propertyPath: m_LocalRotation.w
      value: 0.77839094
      objectReference: {fileID: 0}
    - target: {fileID: 400000, guid: 9c17d66b88dfce54d99d6710ec954c13, type: 3}
      propertyPath: m_LocalRotation.x
      value: -0
      objectReference: {fileID: 0}
    - target: {fileID: 400000, guid: 9c17d66b88dfce54d99d6710ec954c13, type: 3}
      propertyPath: m_LocalRotation.y
      value: 0.62777984
      objectReference: {fileID: 0}
    - target: {fileID: 400000, guid: 9c17d66b88dfce54d99d6710ec954c13, type: 3}
      propertyPath: m_LocalRotation.z
      value: -0
      objectReference: {fileID: 0}
    - target: {fileID: 400000, guid: 9c17d66b88dfce54d99d6710ec954c13, type: 3}
      propertyPath: m_LocalEulerAnglesHint.y
      value: 77.773
      objectReference: {fileID: 0}
    - target: {fileID: 2300000, guid: 9c17d66b88dfce54d99d6710ec954c13, type: 3}
      propertyPath: m_LightmapIndexDynamic
      value: 0
      objectReference: {fileID: 0}
    - target: {fileID: 2300000, guid: 9c17d66b88dfce54d99d6710ec954c13, type: 3}
      propertyPath: m_LightmapTilingOffsetDynamic.w
      value: .787109375
      objectReference: {fileID: 0}
    - target: {fileID: 2300000, guid: 9c17d66b88dfce54d99d6710ec954c13, type: 3}
      propertyPath: m_LightmapTilingOffsetDynamic.x
      value: .041015625
      objectReference: {fileID: 0}
    - target: {fileID: 2300000, guid: 9c17d66b88dfce54d99d6710ec954c13, type: 3}
      propertyPath: m_LightmapTilingOffsetDynamic.y
      value: .0546875
      objectReference: {fileID: 0}
    - target: {fileID: 2300000, guid: 9c17d66b88dfce54d99d6710ec954c13, type: 3}
      propertyPath: m_LightmapTilingOffsetDynamic.z
      value: .5625
      objectReference: {fileID: 0}
    m_RemovedComponents: []
    m_RemovedGameObjects: []
    m_AddedGameObjects: []
    m_AddedComponents: []
  m_SourcePrefab: {fileID: 100100000, guid: 9c17d66b88dfce54d99d6710ec954c13, type: 3}
--- !u!1001 &70563680
PrefabInstance:
  m_ObjectHideFlags: 0
  serializedVersion: 2
  m_Modification:
    serializedVersion: 3
    m_TransformParent: {fileID: 0}
    m_Modifications:
    - target: {fileID: 100000, guid: 9c17d66b88dfce54d99d6710ec954c13, type: 3}
      propertyPath: m_Name
      value: pf_build_wall_panel_01 (8)
      objectReference: {fileID: 0}
    - target: {fileID: 100000, guid: 9c17d66b88dfce54d99d6710ec954c13, type: 3}
      propertyPath: m_IsActive
      value: 1
      objectReference: {fileID: 0}
    - target: {fileID: 100002, guid: 9c17d66b88dfce54d99d6710ec954c13, type: 3}
      propertyPath: m_StaticEditorFlags
      value: 126
      objectReference: {fileID: 0}
    - target: {fileID: 100004, guid: 9c17d66b88dfce54d99d6710ec954c13, type: 3}
      propertyPath: m_StaticEditorFlags
      value: 126
      objectReference: {fileID: 0}
    - target: {fileID: 400000, guid: 9c17d66b88dfce54d99d6710ec954c13, type: 3}
      propertyPath: m_RootOrder
      value: 30
      objectReference: {fileID: 0}
    - target: {fileID: 400000, guid: 9c17d66b88dfce54d99d6710ec954c13, type: 3}
      propertyPath: m_LocalScale.x
      value: 0.74999994
      objectReference: {fileID: 0}
    - target: {fileID: 400000, guid: 9c17d66b88dfce54d99d6710ec954c13, type: 3}
      propertyPath: m_LocalScale.z
      value: 0.74999994
      objectReference: {fileID: 0}
    - target: {fileID: 400000, guid: 9c17d66b88dfce54d99d6710ec954c13, type: 3}
      propertyPath: m_LocalPosition.x
      value: -177.62355
      objectReference: {fileID: 0}
    - target: {fileID: 400000, guid: 9c17d66b88dfce54d99d6710ec954c13, type: 3}
      propertyPath: m_LocalPosition.y
      value: 17.61
      objectReference: {fileID: 0}
    - target: {fileID: 400000, guid: 9c17d66b88dfce54d99d6710ec954c13, type: 3}
      propertyPath: m_LocalPosition.z
      value: -43.13781
      objectReference: {fileID: 0}
    - target: {fileID: 400000, guid: 9c17d66b88dfce54d99d6710ec954c13, type: 3}
      propertyPath: m_LocalRotation.w
      value: 0.8536733
      objectReference: {fileID: 0}
    - target: {fileID: 400000, guid: 9c17d66b88dfce54d99d6710ec954c13, type: 3}
      propertyPath: m_LocalRotation.x
      value: -0
      objectReference: {fileID: 0}
    - target: {fileID: 400000, guid: 9c17d66b88dfce54d99d6710ec954c13, type: 3}
      propertyPath: m_LocalRotation.y
      value: 0.5208089
      objectReference: {fileID: 0}
    - target: {fileID: 400000, guid: 9c17d66b88dfce54d99d6710ec954c13, type: 3}
      propertyPath: m_LocalRotation.z
      value: -0
      objectReference: {fileID: 0}
    - target: {fileID: 400000, guid: 9c17d66b88dfce54d99d6710ec954c13, type: 3}
      propertyPath: m_LocalEulerAnglesHint.y
      value: 62.773
      objectReference: {fileID: 0}
    - target: {fileID: 2300000, guid: 9c17d66b88dfce54d99d6710ec954c13, type: 3}
      propertyPath: m_LightmapIndexDynamic
      value: 0
      objectReference: {fileID: 0}
    - target: {fileID: 2300000, guid: 9c17d66b88dfce54d99d6710ec954c13, type: 3}
      propertyPath: m_LightmapTilingOffsetDynamic.w
      value: .787109375
      objectReference: {fileID: 0}
    - target: {fileID: 2300000, guid: 9c17d66b88dfce54d99d6710ec954c13, type: 3}
      propertyPath: m_LightmapTilingOffsetDynamic.x
      value: .041015625
      objectReference: {fileID: 0}
    - target: {fileID: 2300000, guid: 9c17d66b88dfce54d99d6710ec954c13, type: 3}
      propertyPath: m_LightmapTilingOffsetDynamic.y
      value: .0546875
      objectReference: {fileID: 0}
    - target: {fileID: 2300000, guid: 9c17d66b88dfce54d99d6710ec954c13, type: 3}
      propertyPath: m_LightmapTilingOffsetDynamic.z
      value: .5625
      objectReference: {fileID: 0}
    m_RemovedComponents: []
    m_RemovedGameObjects: []
    m_AddedGameObjects: []
    m_AddedComponents: []
  m_SourcePrefab: {fileID: 100100000, guid: 9c17d66b88dfce54d99d6710ec954c13, type: 3}
--- !u!1001 &102906078
PrefabInstance:
  m_ObjectHideFlags: 0
  serializedVersion: 2
  m_Modification:
    serializedVersion: 3
    m_TransformParent: {fileID: 0}
    m_Modifications:
    - target: {fileID: 1000011143488790, guid: a649302f8407dd9469e2c5b67b4a0674, type: 3}
      propertyPath: m_Name
      value: Rock_06 (2)
      objectReference: {fileID: 0}
    - target: {fileID: 4000013213224824, guid: a649302f8407dd9469e2c5b67b4a0674, type: 3}
      propertyPath: m_LocalScale.x
      value: 2.7854
      objectReference: {fileID: 0}
    - target: {fileID: 4000013213224824, guid: a649302f8407dd9469e2c5b67b4a0674, type: 3}
      propertyPath: m_LocalScale.y
      value: 2.7854
      objectReference: {fileID: 0}
    - target: {fileID: 4000013213224824, guid: a649302f8407dd9469e2c5b67b4a0674, type: 3}
      propertyPath: m_LocalScale.z
      value: 4.3006577
      objectReference: {fileID: 0}
    - target: {fileID: 4000013213224824, guid: a649302f8407dd9469e2c5b67b4a0674, type: 3}
      propertyPath: m_LocalPosition.x
      value: -131.35
      objectReference: {fileID: 0}
    - target: {fileID: 4000013213224824, guid: a649302f8407dd9469e2c5b67b4a0674, type: 3}
      propertyPath: m_LocalPosition.y
      value: 16.023325
      objectReference: {fileID: 0}
    - target: {fileID: 4000013213224824, guid: a649302f8407dd9469e2c5b67b4a0674, type: 3}
      propertyPath: m_LocalPosition.z
      value: -99.97
      objectReference: {fileID: 0}
    - target: {fileID: 4000013213224824, guid: a649302f8407dd9469e2c5b67b4a0674, type: 3}
      propertyPath: m_LocalRotation.w
      value: 1
      objectReference: {fileID: 0}
    - target: {fileID: 4000013213224824, guid: a649302f8407dd9469e2c5b67b4a0674, type: 3}
      propertyPath: m_LocalRotation.x
      value: 0
      objectReference: {fileID: 0}
    - target: {fileID: 4000013213224824, guid: a649302f8407dd9469e2c5b67b4a0674, type: 3}
      propertyPath: m_LocalRotation.y
      value: 0
      objectReference: {fileID: 0}
    - target: {fileID: 4000013213224824, guid: a649302f8407dd9469e2c5b67b4a0674, type: 3}
      propertyPath: m_LocalRotation.z
      value: 0
      objectReference: {fileID: 0}
    - target: {fileID: 4000013213224824, guid: a649302f8407dd9469e2c5b67b4a0674, type: 3}
      propertyPath: m_LocalEulerAnglesHint.x
      value: 0
      objectReference: {fileID: 0}
    - target: {fileID: 4000013213224824, guid: a649302f8407dd9469e2c5b67b4a0674, type: 3}
      propertyPath: m_LocalEulerAnglesHint.y
      value: 0
      objectReference: {fileID: 0}
    - target: {fileID: 4000013213224824, guid: a649302f8407dd9469e2c5b67b4a0674, type: 3}
      propertyPath: m_LocalEulerAnglesHint.z
      value: 0
      objectReference: {fileID: 0}
    m_RemovedComponents: []
    m_RemovedGameObjects: []
    m_AddedGameObjects: []
    m_AddedComponents: []
  m_SourcePrefab: {fileID: 100100000, guid: a649302f8407dd9469e2c5b67b4a0674, type: 3}
--- !u!1001 &438854165
PrefabInstance:
  m_ObjectHideFlags: 0
  serializedVersion: 2
  m_Modification:
    serializedVersion: 3
    m_TransformParent: {fileID: 0}
    m_Modifications:
    - target: {fileID: 100000, guid: 9c17d66b88dfce54d99d6710ec954c13, type: 3}
      propertyPath: m_Name
      value: pf_build_wall_panel_01 (75)
      objectReference: {fileID: 0}
    - target: {fileID: 100000, guid: 9c17d66b88dfce54d99d6710ec954c13, type: 3}
      propertyPath: m_IsActive
      value: 1
      objectReference: {fileID: 0}
    - target: {fileID: 100002, guid: 9c17d66b88dfce54d99d6710ec954c13, type: 3}
      propertyPath: m_StaticEditorFlags
      value: 126
      objectReference: {fileID: 0}
    - target: {fileID: 100004, guid: 9c17d66b88dfce54d99d6710ec954c13, type: 3}
      propertyPath: m_StaticEditorFlags
      value: 126
      objectReference: {fileID: 0}
    - target: {fileID: 400000, guid: 9c17d66b88dfce54d99d6710ec954c13, type: 3}
      propertyPath: m_RootOrder
      value: 30
      objectReference: {fileID: 0}
    - target: {fileID: 400000, guid: 9c17d66b88dfce54d99d6710ec954c13, type: 3}
      propertyPath: m_LocalPosition.x
      value: -160.4
      objectReference: {fileID: 0}
    - target: {fileID: 400000, guid: 9c17d66b88dfce54d99d6710ec954c13, type: 3}
      propertyPath: m_LocalPosition.y
      value: 16.22
      objectReference: {fileID: 0}
    - target: {fileID: 400000, guid: 9c17d66b88dfce54d99d6710ec954c13, type: 3}
      propertyPath: m_LocalPosition.z
      value: -26.75
      objectReference: {fileID: 0}
    - target: {fileID: 400000, guid: 9c17d66b88dfce54d99d6710ec954c13, type: 3}
      propertyPath: m_LocalRotation.w
      value: 0.97190595
      objectReference: {fileID: 0}
    - target: {fileID: 400000, guid: 9c17d66b88dfce54d99d6710ec954c13, type: 3}
      propertyPath: m_LocalRotation.x
      value: -0
      objectReference: {fileID: 0}
    - target: {fileID: 400000, guid: 9c17d66b88dfce54d99d6710ec954c13, type: 3}
      propertyPath: m_LocalRotation.y
      value: -0.23536977
      objectReference: {fileID: 0}
    - target: {fileID: 400000, guid: 9c17d66b88dfce54d99d6710ec954c13, type: 3}
      propertyPath: m_LocalRotation.z
      value: -0
      objectReference: {fileID: 0}
    - target: {fileID: 400000, guid: 9c17d66b88dfce54d99d6710ec954c13, type: 3}
      propertyPath: m_LocalEulerAnglesHint.y
      value: -27.227
      objectReference: {fileID: 0}
    - target: {fileID: 2300000, guid: 9c17d66b88dfce54d99d6710ec954c13, type: 3}
      propertyPath: m_LightmapIndexDynamic
      value: 0
      objectReference: {fileID: 0}
    - target: {fileID: 2300000, guid: 9c17d66b88dfce54d99d6710ec954c13, type: 3}
      propertyPath: m_LightmapTilingOffsetDynamic.w
      value: .787109375
      objectReference: {fileID: 0}
    - target: {fileID: 2300000, guid: 9c17d66b88dfce54d99d6710ec954c13, type: 3}
      propertyPath: m_LightmapTilingOffsetDynamic.x
      value: .041015625
      objectReference: {fileID: 0}
    - target: {fileID: 2300000, guid: 9c17d66b88dfce54d99d6710ec954c13, type: 3}
      propertyPath: m_LightmapTilingOffsetDynamic.y
      value: .0546875
      objectReference: {fileID: 0}
    - target: {fileID: 2300000, guid: 9c17d66b88dfce54d99d6710ec954c13, type: 3}
      propertyPath: m_LightmapTilingOffsetDynamic.z
      value: .5625
      objectReference: {fileID: 0}
    m_RemovedComponents: []
    m_RemovedGameObjects: []
    m_AddedGameObjects: []
    m_AddedComponents: []
  m_SourcePrefab: {fileID: 100100000, guid: 9c17d66b88dfce54d99d6710ec954c13, type: 3}
--- !u!1001 &599068214
PrefabInstance:
  m_ObjectHideFlags: 0
  serializedVersion: 2
  m_Modification:
    serializedVersion: 3
    m_TransformParent: {fileID: 0}
    m_Modifications:
    - target: {fileID: 100000, guid: 9c17d66b88dfce54d99d6710ec954c13, type: 3}
      propertyPath: m_Name
      value: pf_build_wall_panel_01 (65)
      objectReference: {fileID: 0}
    - target: {fileID: 100000, guid: 9c17d66b88dfce54d99d6710ec954c13, type: 3}
      propertyPath: m_IsActive
      value: 1
      objectReference: {fileID: 0}
    - target: {fileID: 100002, guid: 9c17d66b88dfce54d99d6710ec954c13, type: 3}
      propertyPath: m_StaticEditorFlags
      value: 126
      objectReference: {fileID: 0}
    - target: {fileID: 100004, guid: 9c17d66b88dfce54d99d6710ec954c13, type: 3}
      propertyPath: m_StaticEditorFlags
      value: 126
      objectReference: {fileID: 0}
    - target: {fileID: 400000, guid: 9c17d66b88dfce54d99d6710ec954c13, type: 3}
      propertyPath: m_RootOrder
      value: 30
      objectReference: {fileID: 0}
    - target: {fileID: 400000, guid: 9c17d66b88dfce54d99d6710ec954c13, type: 3}
      propertyPath: m_LocalScale.x
      value: 0.74999994
      objectReference: {fileID: 0}
    - target: {fileID: 400000, guid: 9c17d66b88dfce54d99d6710ec954c13, type: 3}
      propertyPath: m_LocalScale.z
      value: 0.74999994
      objectReference: {fileID: 0}
    - target: {fileID: 400000, guid: 9c17d66b88dfce54d99d6710ec954c13, type: 3}
      propertyPath: m_LocalPosition.x
      value: -141.28223
      objectReference: {fileID: 0}
    - target: {fileID: 400000, guid: 9c17d66b88dfce54d99d6710ec954c13, type: 3}
      propertyPath: m_LocalPosition.y
      value: 16.947
      objectReference: {fileID: 0}
    - target: {fileID: 400000, guid: 9c17d66b88dfce54d99d6710ec954c13, type: 3}
      propertyPath: m_LocalPosition.z
      value: -117.72893
      objectReference: {fileID: 0}
    - target: {fileID: 400000, guid: 9c17d66b88dfce54d99d6710ec954c13, type: 3}
      propertyPath: m_LocalRotation.w
      value: 0.77839094
      objectReference: {fileID: 0}
    - target: {fileID: 400000, guid: 9c17d66b88dfce54d99d6710ec954c13, type: 3}
      propertyPath: m_LocalRotation.x
      value: -0
      objectReference: {fileID: 0}
    - target: {fileID: 400000, guid: 9c17d66b88dfce54d99d6710ec954c13, type: 3}
      propertyPath: m_LocalRotation.y
      value: 0.62777984
      objectReference: {fileID: 0}
    - target: {fileID: 400000, guid: 9c17d66b88dfce54d99d6710ec954c13, type: 3}
      propertyPath: m_LocalRotation.z
      value: -0
      objectReference: {fileID: 0}
    - target: {fileID: 400000, guid: 9c17d66b88dfce54d99d6710ec954c13, type: 3}
      propertyPath: m_LocalEulerAnglesHint.y
      value: 77.773
      objectReference: {fileID: 0}
    - target: {fileID: 2300000, guid: 9c17d66b88dfce54d99d6710ec954c13, type: 3}
      propertyPath: m_LightmapIndexDynamic
      value: 0
      objectReference: {fileID: 0}
    - target: {fileID: 2300000, guid: 9c17d66b88dfce54d99d6710ec954c13, type: 3}
      propertyPath: m_LightmapTilingOffsetDynamic.w
      value: .787109375
      objectReference: {fileID: 0}
    - target: {fileID: 2300000, guid: 9c17d66b88dfce54d99d6710ec954c13, type: 3}
      propertyPath: m_LightmapTilingOffsetDynamic.x
      value: .041015625
      objectReference: {fileID: 0}
    - target: {fileID: 2300000, guid: 9c17d66b88dfce54d99d6710ec954c13, type: 3}
      propertyPath: m_LightmapTilingOffsetDynamic.y
      value: .0546875
      objectReference: {fileID: 0}
    - target: {fileID: 2300000, guid: 9c17d66b88dfce54d99d6710ec954c13, type: 3}
      propertyPath: m_LightmapTilingOffsetDynamic.z
      value: .5625
      objectReference: {fileID: 0}
    m_RemovedComponents: []
    m_RemovedGameObjects: []
    m_AddedGameObjects: []
    m_AddedComponents: []
  m_SourcePrefab: {fileID: 100100000, guid: 9c17d66b88dfce54d99d6710ec954c13, type: 3}
--- !u!1001 &608694445
PrefabInstance:
  m_ObjectHideFlags: 0
  serializedVersion: 2
  m_Modification:
    serializedVersion: 3
    m_TransformParent: {fileID: 0}
    m_Modifications:
    - target: {fileID: 1000013569322780, guid: 5d10ae558efe6a64d96e5b4d02ec6792, type: 3}
      propertyPath: m_Name
      value: Rock_05 (16)
      objectReference: {fileID: 0}
    - target: {fileID: 4000010352536618, guid: 5d10ae558efe6a64d96e5b4d02ec6792, type: 3}
      propertyPath: m_LocalScale.x
      value: 2.159388
      objectReference: {fileID: 0}
    - target: {fileID: 4000010352536618, guid: 5d10ae558efe6a64d96e5b4d02ec6792, type: 3}
      propertyPath: m_LocalScale.y
      value: 3.3157
      objectReference: {fileID: 0}
    - target: {fileID: 4000010352536618, guid: 5d10ae558efe6a64d96e5b4d02ec6792, type: 3}
      propertyPath: m_LocalScale.z
      value: 7.2945404
      objectReference: {fileID: 0}
    - target: {fileID: 4000010352536618, guid: 5d10ae558efe6a64d96e5b4d02ec6792, type: 3}
      propertyPath: m_LocalPosition.x
      value: -133.5
      objectReference: {fileID: 0}
    - target: {fileID: 4000010352536618, guid: 5d10ae558efe6a64d96e5b4d02ec6792, type: 3}
      propertyPath: m_LocalPosition.y
      value: 8.859526
      objectReference: {fileID: 0}
    - target: {fileID: 4000010352536618, guid: 5d10ae558efe6a64d96e5b4d02ec6792, type: 3}
      propertyPath: m_LocalPosition.z
      value: -65.85
      objectReference: {fileID: 0}
    - target: {fileID: 4000010352536618, guid: 5d10ae558efe6a64d96e5b4d02ec6792, type: 3}
      propertyPath: m_LocalRotation.w
      value: 0.4423957
      objectReference: {fileID: 0}
    - target: {fileID: 4000010352536618, guid: 5d10ae558efe6a64d96e5b4d02ec6792, type: 3}
      propertyPath: m_LocalRotation.x
      value: -0.44791812
      objectReference: {fileID: 0}
    - target: {fileID: 4000010352536618, guid: 5d10ae558efe6a64d96e5b4d02ec6792, type: 3}
      propertyPath: m_LocalRotation.y
      value: 0.5518479
      objectReference: {fileID: 0}
    - target: {fileID: 4000010352536618, guid: 5d10ae558efe6a64d96e5b4d02ec6792, type: 3}
      propertyPath: m_LocalRotation.z
      value: 0.54691803
      objectReference: {fileID: 0}
    - target: {fileID: 4000010352536618, guid: 5d10ae558efe6a64d96e5b4d02ec6792, type: 3}
      propertyPath: m_LocalEulerAnglesHint.x
      value: -89.4
      objectReference: {fileID: 0}
    - target: {fileID: 4000010352536618, guid: 5d10ae558efe6a64d96e5b4d02ec6792, type: 3}
      propertyPath: m_LocalEulerAnglesHint.y
      value: 189.227
      objectReference: {fileID: 0}
    - target: {fileID: 4000010352536618, guid: 5d10ae558efe6a64d96e5b4d02ec6792, type: 3}
      propertyPath: m_LocalEulerAnglesHint.z
      value: -87.262
      objectReference: {fileID: 0}
    m_RemovedComponents: []
    m_RemovedGameObjects: []
    m_AddedGameObjects: []
    m_AddedComponents: []
  m_SourcePrefab: {fileID: 100100000, guid: 5d10ae558efe6a64d96e5b4d02ec6792, type: 3}
--- !u!1001 &676865285
PrefabInstance:
  m_ObjectHideFlags: 0
  serializedVersion: 2
  m_Modification:
    serializedVersion: 3
    m_TransformParent: {fileID: 0}
    m_Modifications:
    - target: {fileID: 1000011696945378, guid: f94554303b4f7094ea5e12fe79985529, type: 3}
      propertyPath: m_Name
      value: Rock_04 (3)
      objectReference: {fileID: 0}
    - target: {fileID: 4000011339693244, guid: f94554303b4f7094ea5e12fe79985529, type: 3}
      propertyPath: m_LocalScale.x
      value: 2.6087
      objectReference: {fileID: 0}
    - target: {fileID: 4000011339693244, guid: f94554303b4f7094ea5e12fe79985529, type: 3}
      propertyPath: m_LocalScale.y
      value: 2.6087
      objectReference: {fileID: 0}
    - target: {fileID: 4000011339693244, guid: f94554303b4f7094ea5e12fe79985529, type: 3}
      propertyPath: m_LocalScale.z
      value: 2.6087
      objectReference: {fileID: 0}
    - target: {fileID: 4000011339693244, guid: f94554303b4f7094ea5e12fe79985529, type: 3}
      propertyPath: m_LocalPosition.x
      value: -134.03528
      objectReference: {fileID: 0}
    - target: {fileID: 4000011339693244, guid: f94554303b4f7094ea5e12fe79985529, type: 3}
      propertyPath: m_LocalPosition.y
      value: 15.663002
      objectReference: {fileID: 0}
    - target: {fileID: 4000011339693244, guid: f94554303b4f7094ea5e12fe79985529, type: 3}
      propertyPath: m_LocalPosition.z
      value: -88.90298
      objectReference: {fileID: 0}
    - target: {fileID: 4000011339693244, guid: f94554303b4f7094ea5e12fe79985529, type: 3}
      propertyPath: m_LocalRotation.w
      value: 0.9192388
      objectReference: {fileID: 0}
    - target: {fileID: 4000011339693244, guid: f94554303b4f7094ea5e12fe79985529, type: 3}
      propertyPath: m_LocalRotation.x
      value: -0
      objectReference: {fileID: 0}
    - target: {fileID: 4000011339693244, guid: f94554303b4f7094ea5e12fe79985529, type: 3}
      propertyPath: m_LocalRotation.y
      value: -0.3937005
      objectReference: {fileID: 0}
    - target: {fileID: 4000011339693244, guid: f94554303b4f7094ea5e12fe79985529, type: 3}
      propertyPath: m_LocalRotation.z
      value: -0
      objectReference: {fileID: 0}
    - target: {fileID: 4000011339693244, guid: f94554303b4f7094ea5e12fe79985529, type: 3}
      propertyPath: m_LocalEulerAnglesHint.x
      value: 0
      objectReference: {fileID: 0}
    - target: {fileID: 4000011339693244, guid: f94554303b4f7094ea5e12fe79985529, type: 3}
      propertyPath: m_LocalEulerAnglesHint.y
      value: -46.37
      objectReference: {fileID: 0}
    - target: {fileID: 4000011339693244, guid: f94554303b4f7094ea5e12fe79985529, type: 3}
      propertyPath: m_LocalEulerAnglesHint.z
      value: 0
      objectReference: {fileID: 0}
    m_RemovedComponents: []
    m_RemovedGameObjects: []
    m_AddedGameObjects: []
    m_AddedComponents: []
  m_SourcePrefab: {fileID: 100100000, guid: f94554303b4f7094ea5e12fe79985529, type: 3}
--- !u!1001 &838299520
PrefabInstance:
  m_ObjectHideFlags: 0
  serializedVersion: 2
  m_Modification:
    serializedVersion: 3
    m_TransformParent: {fileID: 0}
    m_Modifications:
    - target: {fileID: 1000013569322780, guid: 5d10ae558efe6a64d96e5b4d02ec6792, type: 3}
      propertyPath: m_Name
      value: Rock_05 (2)
      objectReference: {fileID: 0}
    - target: {fileID: 4000010352536618, guid: 5d10ae558efe6a64d96e5b4d02ec6792, type: 3}
      propertyPath: m_LocalScale.x
      value: 5.1297193
      objectReference: {fileID: 0}
    - target: {fileID: 4000010352536618, guid: 5d10ae558efe6a64d96e5b4d02ec6792, type: 3}
      propertyPath: m_LocalScale.y
      value: 3.3157
      objectReference: {fileID: 0}
    - target: {fileID: 4000010352536618, guid: 5d10ae558efe6a64d96e5b4d02ec6792, type: 3}
      propertyPath: m_LocalScale.z
      value: 7.2945404
      objectReference: {fileID: 0}
    - target: {fileID: 4000010352536618, guid: 5d10ae558efe6a64d96e5b4d02ec6792, type: 3}
      propertyPath: m_LocalPosition.x
      value: -126.5
      objectReference: {fileID: 0}
    - target: {fileID: 4000010352536618, guid: 5d10ae558efe6a64d96e5b4d02ec6792, type: 3}
      propertyPath: m_LocalPosition.y
      value: 3.9
      objectReference: {fileID: 0}
    - target: {fileID: 4000010352536618, guid: 5d10ae558efe6a64d96e5b4d02ec6792, type: 3}
      propertyPath: m_LocalPosition.z
      value: -76.2
      objectReference: {fileID: 0}
    - target: {fileID: 4000010352536618, guid: 5d10ae558efe6a64d96e5b4d02ec6792, type: 3}
      propertyPath: m_LocalRotation.w
      value: 0.9725148
      objectReference: {fileID: 0}
    - target: {fileID: 4000010352536618, guid: 5d10ae558efe6a64d96e5b4d02ec6792, type: 3}
      propertyPath: m_LocalRotation.x
      value: -0
      objectReference: {fileID: 0}
    - target: {fileID: 4000010352536618, guid: 5d10ae558efe6a64d96e5b4d02ec6792, type: 3}
      propertyPath: m_LocalRotation.y
      value: 0.23284122
      objectReference: {fileID: 0}
    - target: {fileID: 4000010352536618, guid: 5d10ae558efe6a64d96e5b4d02ec6792, type: 3}
      propertyPath: m_LocalRotation.z
      value: -0
      objectReference: {fileID: 0}
    - target: {fileID: 4000010352536618, guid: 5d10ae558efe6a64d96e5b4d02ec6792, type: 3}
      propertyPath: m_LocalEulerAnglesHint.x
      value: 0
      objectReference: {fileID: 0}
    - target: {fileID: 4000010352536618, guid: 5d10ae558efe6a64d96e5b4d02ec6792, type: 3}
      propertyPath: m_LocalEulerAnglesHint.y
      value: 26.929
      objectReference: {fileID: 0}
    - target: {fileID: 4000010352536618, guid: 5d10ae558efe6a64d96e5b4d02ec6792, type: 3}
      propertyPath: m_LocalEulerAnglesHint.z
      value: 0
      objectReference: {fileID: 0}
    m_RemovedComponents: []
    m_RemovedGameObjects: []
    m_AddedGameObjects: []
    m_AddedComponents: []
  m_SourcePrefab: {fileID: 100100000, guid: 5d10ae558efe6a64d96e5b4d02ec6792, type: 3}
--- !u!1001 &878049607
PrefabInstance:
  m_ObjectHideFlags: 0
  serializedVersion: 2
  m_Modification:
    serializedVersion: 3
    m_TransformParent: {fileID: 0}
    m_Modifications:
    - target: {fileID: 100000, guid: 9c17d66b88dfce54d99d6710ec954c13, type: 3}
      propertyPath: m_Name
      value: pf_build_wall_panel_01 (68)
      objectReference: {fileID: 0}
    - target: {fileID: 100000, guid: 9c17d66b88dfce54d99d6710ec954c13, type: 3}
      propertyPath: m_IsActive
      value: 1
      objectReference: {fileID: 0}
    - target: {fileID: 100002, guid: 9c17d66b88dfce54d99d6710ec954c13, type: 3}
      propertyPath: m_StaticEditorFlags
      value: 126
      objectReference: {fileID: 0}
    - target: {fileID: 100004, guid: 9c17d66b88dfce54d99d6710ec954c13, type: 3}
      propertyPath: m_StaticEditorFlags
      value: 126
      objectReference: {fileID: 0}
    - target: {fileID: 400000, guid: 9c17d66b88dfce54d99d6710ec954c13, type: 3}
      propertyPath: m_RootOrder
      value: 30
      objectReference: {fileID: 0}
    - target: {fileID: 400000, guid: 9c17d66b88dfce54d99d6710ec954c13, type: 3}
      propertyPath: m_LocalPosition.x
      value: -155.66084
      objectReference: {fileID: 0}
    - target: {fileID: 400000, guid: 9c17d66b88dfce54d99d6710ec954c13, type: 3}
      propertyPath: m_LocalPosition.y
      value: 16.947
      objectReference: {fileID: 0}
    - target: {fileID: 400000, guid: 9c17d66b88dfce54d99d6710ec954c13, type: 3}
      propertyPath: m_LocalPosition.z
      value: -122.21288
      objectReference: {fileID: 0}
    - target: {fileID: 400000, guid: 9c17d66b88dfce54d99d6710ec954c13, type: 3}
      propertyPath: m_LocalRotation.w
      value: 0.753958
      objectReference: {fileID: 0}
    - target: {fileID: 400000, guid: 9c17d66b88dfce54d99d6710ec954c13, type: 3}
      propertyPath: m_LocalRotation.x
      value: -0
      objectReference: {fileID: 0}
    - target: {fileID: 400000, guid: 9c17d66b88dfce54d99d6710ec954c13, type: 3}
      propertyPath: m_LocalRotation.y
      value: 0.65692264
      objectReference: {fileID: 0}
    - target: {fileID: 400000, guid: 9c17d66b88dfce54d99d6710ec954c13, type: 3}
      propertyPath: m_LocalRotation.z
      value: -0
      objectReference: {fileID: 0}
    - target: {fileID: 400000, guid: 9c17d66b88dfce54d99d6710ec954c13, type: 3}
      propertyPath: m_LocalEulerAnglesHint.y
      value: 82.131
      objectReference: {fileID: 0}
    - target: {fileID: 2300000, guid: 9c17d66b88dfce54d99d6710ec954c13, type: 3}
      propertyPath: m_LightmapIndexDynamic
      value: 0
      objectReference: {fileID: 0}
    - target: {fileID: 2300000, guid: 9c17d66b88dfce54d99d6710ec954c13, type: 3}
      propertyPath: m_LightmapTilingOffsetDynamic.w
      value: .787109375
      objectReference: {fileID: 0}
    - target: {fileID: 2300000, guid: 9c17d66b88dfce54d99d6710ec954c13, type: 3}
      propertyPath: m_LightmapTilingOffsetDynamic.x
      value: .041015625
      objectReference: {fileID: 0}
    - target: {fileID: 2300000, guid: 9c17d66b88dfce54d99d6710ec954c13, type: 3}
      propertyPath: m_LightmapTilingOffsetDynamic.y
      value: .0546875
      objectReference: {fileID: 0}
    - target: {fileID: 2300000, guid: 9c17d66b88dfce54d99d6710ec954c13, type: 3}
      propertyPath: m_LightmapTilingOffsetDynamic.z
      value: .5625
      objectReference: {fileID: 0}
    m_RemovedComponents: []
    m_RemovedGameObjects: []
    m_AddedGameObjects: []
    m_AddedComponents: []
  m_SourcePrefab: {fileID: 100100000, guid: 9c17d66b88dfce54d99d6710ec954c13, type: 3}
--- !u!1001 &885185800
PrefabInstance:
  m_ObjectHideFlags: 0
  serializedVersion: 2
  m_Modification:
    serializedVersion: 3
    m_TransformParent: {fileID: 0}
    m_Modifications:
    - target: {fileID: 100000, guid: 9c17d66b88dfce54d99d6710ec954c13, type: 3}
      propertyPath: m_Name
      value: pf_build_wall_panel_01 (72)
      objectReference: {fileID: 0}
    - target: {fileID: 100000, guid: 9c17d66b88dfce54d99d6710ec954c13, type: 3}
      propertyPath: m_IsActive
      value: 1
      objectReference: {fileID: 0}
    - target: {fileID: 100002, guid: 9c17d66b88dfce54d99d6710ec954c13, type: 3}
      propertyPath: m_StaticEditorFlags
      value: 126
      objectReference: {fileID: 0}
    - target: {fileID: 100004, guid: 9c17d66b88dfce54d99d6710ec954c13, type: 3}
      propertyPath: m_StaticEditorFlags
      value: 126
      objectReference: {fileID: 0}
    - target: {fileID: 400000, guid: 9c17d66b88dfce54d99d6710ec954c13, type: 3}
      propertyPath: m_RootOrder
      value: 30
      objectReference: {fileID: 0}
    - target: {fileID: 400000, guid: 9c17d66b88dfce54d99d6710ec954c13, type: 3}
      propertyPath: m_LocalScale.x
      value: 0.75000006
      objectReference: {fileID: 0}
    - target: {fileID: 400000, guid: 9c17d66b88dfce54d99d6710ec954c13, type: 3}
      propertyPath: m_LocalScale.z
      value: 0.75000006
      objectReference: {fileID: 0}
    - target: {fileID: 400000, guid: 9c17d66b88dfce54d99d6710ec954c13, type: 3}
      propertyPath: m_LocalPosition.x
      value: -171.7768
      objectReference: {fileID: 0}
    - target: {fileID: 400000, guid: 9c17d66b88dfce54d99d6710ec954c13, type: 3}
      propertyPath: m_LocalPosition.y
      value: 16.947
      objectReference: {fileID: 0}
    - target: {fileID: 400000, guid: 9c17d66b88dfce54d99d6710ec954c13, type: 3}
      propertyPath: m_LocalPosition.z
      value: -122.20559
      objectReference: {fileID: 0}
    - target: {fileID: 400000, guid: 9c17d66b88dfce54d99d6710ec954c13, type: 3}
      propertyPath: m_LocalRotation.w
      value: 0.7260514
      objectReference: {fileID: 0}
    - target: {fileID: 400000, guid: 9c17d66b88dfce54d99d6710ec954c13, type: 3}
      propertyPath: m_LocalRotation.x
      value: -0
      objectReference: {fileID: 0}
    - target: {fileID: 400000, guid: 9c17d66b88dfce54d99d6710ec954c13, type: 3}
      propertyPath: m_LocalRotation.y
      value: 0.6876405
      objectReference: {fileID: 0}
    - target: {fileID: 400000, guid: 9c17d66b88dfce54d99d6710ec954c13, type: 3}
      propertyPath: m_LocalRotation.z
      value: -0
      objectReference: {fileID: 0}
    - target: {fileID: 400000, guid: 9c17d66b88dfce54d99d6710ec954c13, type: 3}
      propertyPath: m_LocalEulerAnglesHint.y
      value: 86.887
      objectReference: {fileID: 0}
    - target: {fileID: 2300000, guid: 9c17d66b88dfce54d99d6710ec954c13, type: 3}
      propertyPath: m_LightmapIndexDynamic
      value: 0
      objectReference: {fileID: 0}
    - target: {fileID: 2300000, guid: 9c17d66b88dfce54d99d6710ec954c13, type: 3}
      propertyPath: m_LightmapTilingOffsetDynamic.w
      value: .787109375
      objectReference: {fileID: 0}
    - target: {fileID: 2300000, guid: 9c17d66b88dfce54d99d6710ec954c13, type: 3}
      propertyPath: m_LightmapTilingOffsetDynamic.x
      value: .041015625
      objectReference: {fileID: 0}
    - target: {fileID: 2300000, guid: 9c17d66b88dfce54d99d6710ec954c13, type: 3}
      propertyPath: m_LightmapTilingOffsetDynamic.y
      value: .0546875
      objectReference: {fileID: 0}
    - target: {fileID: 2300000, guid: 9c17d66b88dfce54d99d6710ec954c13, type: 3}
      propertyPath: m_LightmapTilingOffsetDynamic.z
      value: .5625
      objectReference: {fileID: 0}
    m_RemovedComponents: []
    m_RemovedGameObjects: []
    m_AddedGameObjects: []
    m_AddedComponents: []
  m_SourcePrefab: {fileID: 100100000, guid: 9c17d66b88dfce54d99d6710ec954c13, type: 3}
--- !u!1001 &889793437
PrefabInstance:
  m_ObjectHideFlags: 0
  serializedVersion: 2
  m_Modification:
    serializedVersion: 3
    m_TransformParent: {fileID: 0}
    m_Modifications:
    - target: {fileID: 100000, guid: 7b254f559af8e2a4a8926fde2063b21e, type: 3}
      propertyPath: m_Name
      value: pf_fence_02 (42)
      objectReference: {fileID: 0}
    - target: {fileID: 400000, guid: 7b254f559af8e2a4a8926fde2063b21e, type: 3}
      propertyPath: m_RootOrder
      value: 81
      objectReference: {fileID: 0}
    - target: {fileID: 400000, guid: 7b254f559af8e2a4a8926fde2063b21e, type: 3}
      propertyPath: m_LocalScale.x
      value: 1.8776001
      objectReference: {fileID: 0}
    - target: {fileID: 400000, guid: 7b254f559af8e2a4a8926fde2063b21e, type: 3}
      propertyPath: m_LocalScale.y
      value: 2.3755002
      objectReference: {fileID: 0}
    - target: {fileID: 400000, guid: 7b254f559af8e2a4a8926fde2063b21e, type: 3}
      propertyPath: m_LocalPosition.x
      value: -149.67975
      objectReference: {fileID: 0}
    - target: {fileID: 400000, guid: 7b254f559af8e2a4a8926fde2063b21e, type: 3}
      propertyPath: m_LocalPosition.y
      value: 12.817662
      objectReference: {fileID: 0}
    - target: {fileID: 400000, guid: 7b254f559af8e2a4a8926fde2063b21e, type: 3}
      propertyPath: m_LocalPosition.z
      value: -37.808952
      objectReference: {fileID: 0}
    - target: {fileID: 400000, guid: 7b254f559af8e2a4a8926fde2063b21e, type: 3}
      propertyPath: m_LocalRotation.w
      value: 0.97128564
      objectReference: {fileID: 0}
    - target: {fileID: 400000, guid: 7b254f559af8e2a4a8926fde2063b21e, type: 3}
      propertyPath: m_LocalRotation.x
      value: 0.00035153702
      objectReference: {fileID: 0}
    - target: {fileID: 400000, guid: 7b254f559af8e2a4a8926fde2063b21e, type: 3}
      propertyPath: m_LocalRotation.y
      value: 0.18664318
      objectReference: {fileID: 0}
    - target: {fileID: 400000, guid: 7b254f559af8e2a4a8926fde2063b21e, type: 3}
      propertyPath: m_LocalRotation.z
      value: -0.1475418
      objectReference: {fileID: 0}
    - target: {fileID: 400000, guid: 7b254f559af8e2a4a8926fde2063b21e, type: 3}
      propertyPath: m_LocalEulerAnglesHint.x
      value: 3.196
      objectReference: {fileID: 0}
    - target: {fileID: 400000, guid: 7b254f559af8e2a4a8926fde2063b21e, type: 3}
      propertyPath: m_LocalEulerAnglesHint.y
      value: 21.286
      objectReference: {fileID: 0}
    - target: {fileID: 400000, guid: 7b254f559af8e2a4a8926fde2063b21e, type: 3}
      propertyPath: m_LocalEulerAnglesHint.z
      value: -16.674
      objectReference: {fileID: 0}
    - target: {fileID: 2300000, guid: 7b254f559af8e2a4a8926fde2063b21e, type: 3}
      propertyPath: m_ReceiveGI
      value: 1
      objectReference: {fileID: 0}
    - target: {fileID: 2300000, guid: 7b254f559af8e2a4a8926fde2063b21e, type: 3}
      propertyPath: m_LightmapIndexDynamic
      value: 0
      objectReference: {fileID: 0}
    - target: {fileID: 2300000, guid: 7b254f559af8e2a4a8926fde2063b21e, type: 3}
      propertyPath: m_LightmapTilingOffsetDynamic.w
      value: .595703125
      objectReference: {fileID: 0}
    - target: {fileID: 2300000, guid: 7b254f559af8e2a4a8926fde2063b21e, type: 3}
      propertyPath: m_LightmapTilingOffsetDynamic.x
      value: .01953125
      objectReference: {fileID: 0}
    - target: {fileID: 2300000, guid: 7b254f559af8e2a4a8926fde2063b21e, type: 3}
      propertyPath: m_LightmapTilingOffsetDynamic.y
      value: .0117187509
      objectReference: {fileID: 0}
    - target: {fileID: 2300000, guid: 7b254f559af8e2a4a8926fde2063b21e, type: 3}
      propertyPath: m_LightmapTilingOffsetDynamic.z
      value: .60546875
      objectReference: {fileID: 0}
    - target: {fileID: 2300002, guid: 7b254f559af8e2a4a8926fde2063b21e, type: 3}
      propertyPath: m_LightmapIndexDynamic
      value: 255
      objectReference: {fileID: 0}
    - target: {fileID: 2300002, guid: 7b254f559af8e2a4a8926fde2063b21e, type: 3}
      propertyPath: m_LightmapTilingOffsetDynamic.w
      value: 0
      objectReference: {fileID: 0}
    - target: {fileID: 2300002, guid: 7b254f559af8e2a4a8926fde2063b21e, type: 3}
      propertyPath: m_LightmapTilingOffsetDynamic.x
      value: 1
      objectReference: {fileID: 0}
    - target: {fileID: 2300002, guid: 7b254f559af8e2a4a8926fde2063b21e, type: 3}
      propertyPath: m_LightmapTilingOffsetDynamic.y
      value: 1
      objectReference: {fileID: 0}
    - target: {fileID: 2300002, guid: 7b254f559af8e2a4a8926fde2063b21e, type: 3}
      propertyPath: m_LightmapTilingOffsetDynamic.z
      value: 0
      objectReference: {fileID: 0}
    m_RemovedComponents: []
    m_RemovedGameObjects: []
    m_AddedGameObjects: []
    m_AddedComponents: []
  m_SourcePrefab: {fileID: 100100000, guid: 7b254f559af8e2a4a8926fde2063b21e, type: 3}
--- !u!1001 &951141574
PrefabInstance:
  m_ObjectHideFlags: 0
  serializedVersion: 2
  m_Modification:
    serializedVersion: 3
    m_TransformParent: {fileID: 0}
    m_Modifications:
    - target: {fileID: 100000, guid: 9c17d66b88dfce54d99d6710ec954c13, type: 3}
      propertyPath: m_Name
      value: pf_build_wall_panel_01 (64)
      objectReference: {fileID: 0}
    - target: {fileID: 100000, guid: 9c17d66b88dfce54d99d6710ec954c13, type: 3}
      propertyPath: m_IsActive
      value: 1
      objectReference: {fileID: 0}
    - target: {fileID: 100002, guid: 9c17d66b88dfce54d99d6710ec954c13, type: 3}
      propertyPath: m_StaticEditorFlags
      value: 126
      objectReference: {fileID: 0}
    - target: {fileID: 100004, guid: 9c17d66b88dfce54d99d6710ec954c13, type: 3}
      propertyPath: m_StaticEditorFlags
      value: 126
      objectReference: {fileID: 0}
    - target: {fileID: 400000, guid: 9c17d66b88dfce54d99d6710ec954c13, type: 3}
      propertyPath: m_RootOrder
      value: 30
      objectReference: {fileID: 0}
    - target: {fileID: 400000, guid: 9c17d66b88dfce54d99d6710ec954c13, type: 3}
      propertyPath: m_LocalScale.x
      value: 0.74999994
      objectReference: {fileID: 0}
    - target: {fileID: 400000, guid: 9c17d66b88dfce54d99d6710ec954c13, type: 3}
      propertyPath: m_LocalScale.z
      value: 0.74999994
      objectReference: {fileID: 0}
    - target: {fileID: 400000, guid: 9c17d66b88dfce54d99d6710ec954c13, type: 3}
      propertyPath: m_LocalPosition.x
      value: -136.67612
      objectReference: {fileID: 0}
    - target: {fileID: 400000, guid: 9c17d66b88dfce54d99d6710ec954c13, type: 3}
      propertyPath: m_LocalPosition.y
      value: 16.197
      objectReference: {fileID: 0}
    - target: {fileID: 400000, guid: 9c17d66b88dfce54d99d6710ec954c13, type: 3}
      propertyPath: m_LocalPosition.z
      value: -115.85
      objectReference: {fileID: 0}
    - target: {fileID: 400000, guid: 9c17d66b88dfce54d99d6710ec954c13, type: 3}
      propertyPath: m_LocalRotation.w
      value: 0.8536733
      objectReference: {fileID: 0}
    - target: {fileID: 400000, guid: 9c17d66b88dfce54d99d6710ec954c13, type: 3}
      propertyPath: m_LocalRotation.x
      value: -0
      objectReference: {fileID: 0}
    - target: {fileID: 400000, guid: 9c17d66b88dfce54d99d6710ec954c13, type: 3}
      propertyPath: m_LocalRotation.y
      value: 0.5208089
      objectReference: {fileID: 0}
    - target: {fileID: 400000, guid: 9c17d66b88dfce54d99d6710ec954c13, type: 3}
      propertyPath: m_LocalRotation.z
      value: -0
      objectReference: {fileID: 0}
    - target: {fileID: 400000, guid: 9c17d66b88dfce54d99d6710ec954c13, type: 3}
      propertyPath: m_LocalEulerAnglesHint.y
      value: 62.773
      objectReference: {fileID: 0}
    - target: {fileID: 2300000, guid: 9c17d66b88dfce54d99d6710ec954c13, type: 3}
      propertyPath: m_LightmapIndexDynamic
      value: 0
      objectReference: {fileID: 0}
    - target: {fileID: 2300000, guid: 9c17d66b88dfce54d99d6710ec954c13, type: 3}
      propertyPath: m_LightmapTilingOffsetDynamic.w
      value: .787109375
      objectReference: {fileID: 0}
    - target: {fileID: 2300000, guid: 9c17d66b88dfce54d99d6710ec954c13, type: 3}
      propertyPath: m_LightmapTilingOffsetDynamic.x
      value: .041015625
      objectReference: {fileID: 0}
    - target: {fileID: 2300000, guid: 9c17d66b88dfce54d99d6710ec954c13, type: 3}
      propertyPath: m_LightmapTilingOffsetDynamic.y
      value: .0546875
      objectReference: {fileID: 0}
    - target: {fileID: 2300000, guid: 9c17d66b88dfce54d99d6710ec954c13, type: 3}
      propertyPath: m_LightmapTilingOffsetDynamic.z
      value: .5625
      objectReference: {fileID: 0}
    m_RemovedComponents: []
    m_RemovedGameObjects: []
    m_AddedGameObjects: []
    m_AddedComponents: []
  m_SourcePrefab: {fileID: 100100000, guid: 9c17d66b88dfce54d99d6710ec954c13, type: 3}
--- !u!1001 &1082585662
PrefabInstance:
  m_ObjectHideFlags: 0
  serializedVersion: 2
  m_Modification:
    serializedVersion: 3
    m_TransformParent: {fileID: 0}
    m_Modifications:
    - target: {fileID: 100000, guid: 9c17d66b88dfce54d99d6710ec954c13, type: 3}
      propertyPath: m_Name
      value: pf_build_wall_panel_01 (74)
      objectReference: {fileID: 0}
    - target: {fileID: 100000, guid: 9c17d66b88dfce54d99d6710ec954c13, type: 3}
      propertyPath: m_IsActive
      value: 1
      objectReference: {fileID: 0}
    - target: {fileID: 100002, guid: 9c17d66b88dfce54d99d6710ec954c13, type: 3}
      propertyPath: m_StaticEditorFlags
      value: 126
      objectReference: {fileID: 0}
    - target: {fileID: 100004, guid: 9c17d66b88dfce54d99d6710ec954c13, type: 3}
      propertyPath: m_StaticEditorFlags
      value: 126
      objectReference: {fileID: 0}
    - target: {fileID: 400000, guid: 9c17d66b88dfce54d99d6710ec954c13, type: 3}
      propertyPath: m_RootOrder
      value: 30
      objectReference: {fileID: 0}
    - target: {fileID: 400000, guid: 9c17d66b88dfce54d99d6710ec954c13, type: 3}
      propertyPath: m_LocalScale.x
      value: 0.75000024
      objectReference: {fileID: 0}
    - target: {fileID: 400000, guid: 9c17d66b88dfce54d99d6710ec954c13, type: 3}
      propertyPath: m_LocalScale.z
      value: 0.75000024
      objectReference: {fileID: 0}
    - target: {fileID: 400000, guid: 9c17d66b88dfce54d99d6710ec954c13, type: 3}
      propertyPath: m_LocalPosition.x
      value: -182.35509
      objectReference: {fileID: 0}
    - target: {fileID: 400000, guid: 9c17d66b88dfce54d99d6710ec954c13, type: 3}
      propertyPath: m_LocalPosition.y
      value: 16.947
      objectReference: {fileID: 0}
    - target: {fileID: 400000, guid: 9c17d66b88dfce54d99d6710ec954c13, type: 3}
      propertyPath: m_LocalPosition.z
      value: -121.254105
      objectReference: {fileID: 0}
    - target: {fileID: 400000, guid: 9c17d66b88dfce54d99d6710ec954c13, type: 3}
      propertyPath: m_LocalRotation.w
      value: 0.63008505
      objectReference: {fileID: 0}
    - target: {fileID: 400000, guid: 9c17d66b88dfce54d99d6710ec954c13, type: 3}
      propertyPath: m_LocalRotation.x
      value: -0
      objectReference: {fileID: 0}
    - target: {fileID: 400000, guid: 9c17d66b88dfce54d99d6710ec954c13, type: 3}
      propertyPath: m_LocalRotation.y
      value: 0.7765262
      objectReference: {fileID: 0}
    - target: {fileID: 400000, guid: 9c17d66b88dfce54d99d6710ec954c13, type: 3}
      propertyPath: m_LocalRotation.z
      value: -0
      objectReference: {fileID: 0}
    - target: {fileID: 400000, guid: 9c17d66b88dfce54d99d6710ec954c13, type: 3}
      propertyPath: m_LocalEulerAnglesHint.y
      value: 101.887
      objectReference: {fileID: 0}
    - target: {fileID: 2300000, guid: 9c17d66b88dfce54d99d6710ec954c13, type: 3}
      propertyPath: m_LightmapIndexDynamic
      value: 0
      objectReference: {fileID: 0}
    - target: {fileID: 2300000, guid: 9c17d66b88dfce54d99d6710ec954c13, type: 3}
      propertyPath: m_LightmapTilingOffsetDynamic.w
      value: .787109375
      objectReference: {fileID: 0}
    - target: {fileID: 2300000, guid: 9c17d66b88dfce54d99d6710ec954c13, type: 3}
      propertyPath: m_LightmapTilingOffsetDynamic.x
      value: .041015625
      objectReference: {fileID: 0}
    - target: {fileID: 2300000, guid: 9c17d66b88dfce54d99d6710ec954c13, type: 3}
      propertyPath: m_LightmapTilingOffsetDynamic.y
      value: .0546875
      objectReference: {fileID: 0}
    - target: {fileID: 2300000, guid: 9c17d66b88dfce54d99d6710ec954c13, type: 3}
      propertyPath: m_LightmapTilingOffsetDynamic.z
      value: .5625
      objectReference: {fileID: 0}
    m_RemovedComponents: []
    m_RemovedGameObjects: []
    m_AddedGameObjects: []
    m_AddedComponents: []
  m_SourcePrefab: {fileID: 100100000, guid: 9c17d66b88dfce54d99d6710ec954c13, type: 3}
--- !u!1001 &1093079714
PrefabInstance:
  m_ObjectHideFlags: 0
  serializedVersion: 2
  m_Modification:
    serializedVersion: 3
    m_TransformParent: {fileID: 0}
    m_Modifications:
    - target: {fileID: 1000013569322780, guid: 5d10ae558efe6a64d96e5b4d02ec6792, type: 3}
      propertyPath: m_Name
      value: Rock_05 (10)
      objectReference: {fileID: 0}
    - target: {fileID: 4000010352536618, guid: 5d10ae558efe6a64d96e5b4d02ec6792, type: 3}
      propertyPath: m_LocalScale.x
      value: 8.501101
      objectReference: {fileID: 0}
    - target: {fileID: 4000010352536618, guid: 5d10ae558efe6a64d96e5b4d02ec6792, type: 3}
      propertyPath: m_LocalScale.y
      value: 5.8878
      objectReference: {fileID: 0}
    - target: {fileID: 4000010352536618, guid: 5d10ae558efe6a64d96e5b4d02ec6792, type: 3}
      propertyPath: m_LocalScale.z
      value: 7.4327593
      objectReference: {fileID: 0}
    - target: {fileID: 4000010352536618, guid: 5d10ae558efe6a64d96e5b4d02ec6792, type: 3}
      propertyPath: m_LocalPosition.x
      value: -152.54921
      objectReference: {fileID: 0}
    - target: {fileID: 4000010352536618, guid: 5d10ae558efe6a64d96e5b4d02ec6792, type: 3}
      propertyPath: m_LocalPosition.y
      value: -0.8518162
      objectReference: {fileID: 0}
    - target: {fileID: 4000010352536618, guid: 5d10ae558efe6a64d96e5b4d02ec6792, type: 3}
      propertyPath: m_LocalPosition.z
      value: -163.29498
      objectReference: {fileID: 0}
    - target: {fileID: 4000010352536618, guid: 5d10ae558efe6a64d96e5b4d02ec6792, type: 3}
      propertyPath: m_LocalRotation.w
      value: 0.70216614
      objectReference: {fileID: 0}
    - target: {fileID: 4000010352536618, guid: 5d10ae558efe6a64d96e5b4d02ec6792, type: 3}
      propertyPath: m_LocalRotation.x
      value: -0.69545865
      objectReference: {fileID: 0}
    - target: {fileID: 4000010352536618, guid: 5d10ae558efe6a64d96e5b4d02ec6792, type: 3}
      propertyPath: m_LocalRotation.y
      value: -0.14748575
      objectReference: {fileID: 0}
    - target: {fileID: 4000010352536618, guid: 5d10ae558efe6a64d96e5b4d02ec6792, type: 3}
      propertyPath: m_LocalRotation.z
      value: -0.03934461
      objectReference: {fileID: 0}
    - target: {fileID: 4000010352536618, guid: 5d10ae558efe6a64d96e5b4d02ec6792, type: 3}
      propertyPath: m_LocalEulerAnglesHint.x
      value: 261.212
      objectReference: {fileID: 0}
    - target: {fileID: 4000010352536618, guid: 5d10ae558efe6a64d96e5b4d02ec6792, type: 3}
      propertyPath: m_LocalEulerAnglesHint.y
      value: -274.065
      objectReference: {fileID: 0}
    - target: {fileID: 4000010352536618, guid: 5d10ae558efe6a64d96e5b4d02ec6792, type: 3}
      propertyPath: m_LocalEulerAnglesHint.z
      value: -101.162994
      objectReference: {fileID: 0}
    m_RemovedComponents: []
    m_RemovedGameObjects: []
    m_AddedGameObjects: []
    m_AddedComponents: []
  m_SourcePrefab: {fileID: 100100000, guid: 5d10ae558efe6a64d96e5b4d02ec6792, type: 3}
--- !u!1001 &1097071644
PrefabInstance:
  m_ObjectHideFlags: 0
  serializedVersion: 2
  m_Modification:
    serializedVersion: 3
    m_TransformParent: {fileID: 0}
    m_Modifications:
    - target: {fileID: 100000, guid: 9c17d66b88dfce54d99d6710ec954c13, type: 3}
      propertyPath: m_Name
      value: pf_build_wall_panel_01 (6)
      objectReference: {fileID: 0}
    - target: {fileID: 100000, guid: 9c17d66b88dfce54d99d6710ec954c13, type: 3}
      propertyPath: m_IsActive
      value: 1
      objectReference: {fileID: 0}
    - target: {fileID: 100002, guid: 9c17d66b88dfce54d99d6710ec954c13, type: 3}
      propertyPath: m_StaticEditorFlags
      value: 126
      objectReference: {fileID: 0}
    - target: {fileID: 100004, guid: 9c17d66b88dfce54d99d6710ec954c13, type: 3}
      propertyPath: m_StaticEditorFlags
      value: 126
      objectReference: {fileID: 0}
    - target: {fileID: 400000, guid: 9c17d66b88dfce54d99d6710ec954c13, type: 3}
      propertyPath: m_RootOrder
      value: 30
      objectReference: {fileID: 0}
    - target: {fileID: 400000, guid: 9c17d66b88dfce54d99d6710ec954c13, type: 3}
      propertyPath: m_LocalScale.x
      value: 0.74999994
      objectReference: {fileID: 0}
    - target: {fileID: 400000, guid: 9c17d66b88dfce54d99d6710ec954c13, type: 3}
      propertyPath: m_LocalScale.z
      value: 0.74999994
      objectReference: {fileID: 0}
    - target: {fileID: 400000, guid: 9c17d66b88dfce54d99d6710ec954c13, type: 3}
      propertyPath: m_LocalPosition.x
      value: -169.12
      objectReference: {fileID: 0}
    - target: {fileID: 400000, guid: 9c17d66b88dfce54d99d6710ec954c13, type: 3}
      propertyPath: m_LocalPosition.y
      value: 16.3
      objectReference: {fileID: 0}
    - target: {fileID: 400000, guid: 9c17d66b88dfce54d99d6710ec954c13, type: 3}
      propertyPath: m_LocalPosition.z
      value: -38.76
      objectReference: {fileID: 0}
    - target: {fileID: 400000, guid: 9c17d66b88dfce54d99d6710ec954c13, type: 3}
      propertyPath: m_LocalRotation.w
      value: 0.8536733
      objectReference: {fileID: 0}
    - target: {fileID: 400000, guid: 9c17d66b88dfce54d99d6710ec954c13, type: 3}
      propertyPath: m_LocalRotation.x
      value: -0
      objectReference: {fileID: 0}
    - target: {fileID: 400000, guid: 9c17d66b88dfce54d99d6710ec954c13, type: 3}
      propertyPath: m_LocalRotation.y
      value: 0.5208089
      objectReference: {fileID: 0}
    - target: {fileID: 400000, guid: 9c17d66b88dfce54d99d6710ec954c13, type: 3}
      propertyPath: m_LocalRotation.z
      value: -0
      objectReference: {fileID: 0}
    - target: {fileID: 400000, guid: 9c17d66b88dfce54d99d6710ec954c13, type: 3}
      propertyPath: m_LocalEulerAnglesHint.y
      value: 62.773
      objectReference: {fileID: 0}
    - target: {fileID: 2300000, guid: 9c17d66b88dfce54d99d6710ec954c13, type: 3}
      propertyPath: m_LightmapIndexDynamic
      value: 0
      objectReference: {fileID: 0}
    - target: {fileID: 2300000, guid: 9c17d66b88dfce54d99d6710ec954c13, type: 3}
      propertyPath: m_LightmapTilingOffsetDynamic.w
      value: .787109375
      objectReference: {fileID: 0}
    - target: {fileID: 2300000, guid: 9c17d66b88dfce54d99d6710ec954c13, type: 3}
      propertyPath: m_LightmapTilingOffsetDynamic.x
      value: .041015625
      objectReference: {fileID: 0}
    - target: {fileID: 2300000, guid: 9c17d66b88dfce54d99d6710ec954c13, type: 3}
      propertyPath: m_LightmapTilingOffsetDynamic.y
      value: .0546875
      objectReference: {fileID: 0}
    - target: {fileID: 2300000, guid: 9c17d66b88dfce54d99d6710ec954c13, type: 3}
      propertyPath: m_LightmapTilingOffsetDynamic.z
      value: .5625
      objectReference: {fileID: 0}
    m_RemovedComponents: []
    m_RemovedGameObjects: []
    m_AddedGameObjects: []
    m_AddedComponents: []
  m_SourcePrefab: {fileID: 100100000, guid: 9c17d66b88dfce54d99d6710ec954c13, type: 3}
--- !u!1001 &1127607025
PrefabInstance:
  m_ObjectHideFlags: 0
  serializedVersion: 2
  m_Modification:
    serializedVersion: 3
    m_TransformParent: {fileID: 0}
    m_Modifications:
    - target: {fileID: 100000, guid: 9c17d66b88dfce54d99d6710ec954c13, type: 3}
      propertyPath: m_Name
      value: pf_build_wall_panel_01 (67)
      objectReference: {fileID: 0}
    - target: {fileID: 100000, guid: 9c17d66b88dfce54d99d6710ec954c13, type: 3}
      propertyPath: m_IsActive
      value: 1
      objectReference: {fileID: 0}
    - target: {fileID: 100002, guid: 9c17d66b88dfce54d99d6710ec954c13, type: 3}
      propertyPath: m_StaticEditorFlags
      value: 126
      objectReference: {fileID: 0}
    - target: {fileID: 100004, guid: 9c17d66b88dfce54d99d6710ec954c13, type: 3}
      propertyPath: m_StaticEditorFlags
      value: 126
      objectReference: {fileID: 0}
    - target: {fileID: 400000, guid: 9c17d66b88dfce54d99d6710ec954c13, type: 3}
      propertyPath: m_RootOrder
      value: 30
      objectReference: {fileID: 0}
    - target: {fileID: 400000, guid: 9c17d66b88dfce54d99d6710ec954c13, type: 3}
      propertyPath: m_LocalPosition.x
      value: -150.66084
      objectReference: {fileID: 0}
    - target: {fileID: 400000, guid: 9c17d66b88dfce54d99d6710ec954c13, type: 3}
      propertyPath: m_LocalPosition.y
      value: 17.197
      objectReference: {fileID: 0}
    - target: {fileID: 400000, guid: 9c17d66b88dfce54d99d6710ec954c13, type: 3}
      propertyPath: m_LocalPosition.z
      value: -121.46288
      objectReference: {fileID: 0}
    - target: {fileID: 400000, guid: 9c17d66b88dfce54d99d6710ec954c13, type: 3}
      propertyPath: m_LocalRotation.w
      value: 0.753958
      objectReference: {fileID: 0}
    - target: {fileID: 400000, guid: 9c17d66b88dfce54d99d6710ec954c13, type: 3}
      propertyPath: m_LocalRotation.x
      value: -0
      objectReference: {fileID: 0}
    - target: {fileID: 400000, guid: 9c17d66b88dfce54d99d6710ec954c13, type: 3}
      propertyPath: m_LocalRotation.y
      value: 0.65692264
      objectReference: {fileID: 0}
    - target: {fileID: 400000, guid: 9c17d66b88dfce54d99d6710ec954c13, type: 3}
      propertyPath: m_LocalRotation.z
      value: -0
      objectReference: {fileID: 0}
    - target: {fileID: 400000, guid: 9c17d66b88dfce54d99d6710ec954c13, type: 3}
      propertyPath: m_LocalEulerAnglesHint.y
      value: 82.131
      objectReference: {fileID: 0}
    - target: {fileID: 2300000, guid: 9c17d66b88dfce54d99d6710ec954c13, type: 3}
      propertyPath: m_LightmapIndexDynamic
      value: 0
      objectReference: {fileID: 0}
    - target: {fileID: 2300000, guid: 9c17d66b88dfce54d99d6710ec954c13, type: 3}
      propertyPath: m_LightmapTilingOffsetDynamic.w
      value: .787109375
      objectReference: {fileID: 0}
    - target: {fileID: 2300000, guid: 9c17d66b88dfce54d99d6710ec954c13, type: 3}
      propertyPath: m_LightmapTilingOffsetDynamic.x
      value: .041015625
      objectReference: {fileID: 0}
    - target: {fileID: 2300000, guid: 9c17d66b88dfce54d99d6710ec954c13, type: 3}
      propertyPath: m_LightmapTilingOffsetDynamic.y
      value: .0546875
      objectReference: {fileID: 0}
    - target: {fileID: 2300000, guid: 9c17d66b88dfce54d99d6710ec954c13, type: 3}
      propertyPath: m_LightmapTilingOffsetDynamic.z
      value: .5625
      objectReference: {fileID: 0}
    m_RemovedComponents: []
    m_RemovedGameObjects: []
    m_AddedGameObjects: []
    m_AddedComponents: []
  m_SourcePrefab: {fileID: 100100000, guid: 9c17d66b88dfce54d99d6710ec954c13, type: 3}
--- !u!1001 &1388450050
PrefabInstance:
  m_ObjectHideFlags: 0
  serializedVersion: 2
  m_Modification:
    serializedVersion: 3
    m_TransformParent: {fileID: 0}
    m_Modifications:
    - target: {fileID: 100000, guid: 9c17d66b88dfce54d99d6710ec954c13, type: 3}
      propertyPath: m_Name
      value: pf_build_wall_panel_01 (73)
      objectReference: {fileID: 0}
    - target: {fileID: 100000, guid: 9c17d66b88dfce54d99d6710ec954c13, type: 3}
      propertyPath: m_IsActive
      value: 1
      objectReference: {fileID: 0}
    - target: {fileID: 100002, guid: 9c17d66b88dfce54d99d6710ec954c13, type: 3}
      propertyPath: m_StaticEditorFlags
      value: 126
      objectReference: {fileID: 0}
    - target: {fileID: 100004, guid: 9c17d66b88dfce54d99d6710ec954c13, type: 3}
      propertyPath: m_StaticEditorFlags
      value: 126
      objectReference: {fileID: 0}
    - target: {fileID: 400000, guid: 9c17d66b88dfce54d99d6710ec954c13, type: 3}
      propertyPath: m_RootOrder
      value: 30
      objectReference: {fileID: 0}
    - target: {fileID: 400000, guid: 9c17d66b88dfce54d99d6710ec954c13, type: 3}
      propertyPath: m_LocalScale.x
      value: 0.75000024
      objectReference: {fileID: 0}
    - target: {fileID: 400000, guid: 9c17d66b88dfce54d99d6710ec954c13, type: 3}
      propertyPath: m_LocalScale.z
      value: 0.75000024
      objectReference: {fileID: 0}
    - target: {fileID: 400000, guid: 9c17d66b88dfce54d99d6710ec954c13, type: 3}
      propertyPath: m_LocalPosition.x
      value: -176.85509
      objectReference: {fileID: 0}
    - target: {fileID: 400000, guid: 9c17d66b88dfce54d99d6710ec954c13, type: 3}
      propertyPath: m_LocalPosition.y
      value: 16.947
      objectReference: {fileID: 0}
    - target: {fileID: 400000, guid: 9c17d66b88dfce54d99d6710ec954c13, type: 3}
      propertyPath: m_LocalPosition.z
      value: -122.254105
      objectReference: {fileID: 0}
    - target: {fileID: 400000, guid: 9c17d66b88dfce54d99d6710ec954c13, type: 3}
      propertyPath: m_LocalRotation.w
      value: 0.63008505
      objectReference: {fileID: 0}
    - target: {fileID: 400000, guid: 9c17d66b88dfce54d99d6710ec954c13, type: 3}
      propertyPath: m_LocalRotation.x
      value: -0
      objectReference: {fileID: 0}
    - target: {fileID: 400000, guid: 9c17d66b88dfce54d99d6710ec954c13, type: 3}
      propertyPath: m_LocalRotation.y
      value: 0.7765262
      objectReference: {fileID: 0}
    - target: {fileID: 400000, guid: 9c17d66b88dfce54d99d6710ec954c13, type: 3}
      propertyPath: m_LocalRotation.z
      value: -0
      objectReference: {fileID: 0}
    - target: {fileID: 400000, guid: 9c17d66b88dfce54d99d6710ec954c13, type: 3}
      propertyPath: m_LocalEulerAnglesHint.y
      value: 101.887
      objectReference: {fileID: 0}
    - target: {fileID: 2300000, guid: 9c17d66b88dfce54d99d6710ec954c13, type: 3}
      propertyPath: m_LightmapIndexDynamic
      value: 0
      objectReference: {fileID: 0}
    - target: {fileID: 2300000, guid: 9c17d66b88dfce54d99d6710ec954c13, type: 3}
      propertyPath: m_LightmapTilingOffsetDynamic.w
      value: .787109375
      objectReference: {fileID: 0}
    - target: {fileID: 2300000, guid: 9c17d66b88dfce54d99d6710ec954c13, type: 3}
      propertyPath: m_LightmapTilingOffsetDynamic.x
      value: .041015625
      objectReference: {fileID: 0}
    - target: {fileID: 2300000, guid: 9c17d66b88dfce54d99d6710ec954c13, type: 3}
      propertyPath: m_LightmapTilingOffsetDynamic.y
      value: .0546875
      objectReference: {fileID: 0}
    - target: {fileID: 2300000, guid: 9c17d66b88dfce54d99d6710ec954c13, type: 3}
      propertyPath: m_LightmapTilingOffsetDynamic.z
      value: .5625
      objectReference: {fileID: 0}
    m_RemovedComponents: []
    m_RemovedGameObjects: []
    m_AddedGameObjects: []
    m_AddedComponents: []
  m_SourcePrefab: {fileID: 100100000, guid: 9c17d66b88dfce54d99d6710ec954c13, type: 3}
--- !u!1001 &1425943615
PrefabInstance:
  m_ObjectHideFlags: 0
  serializedVersion: 2
  m_Modification:
    serializedVersion: 3
    m_TransformParent: {fileID: 0}
    m_Modifications:
    - target: {fileID: 1000010869019282, guid: d7ba4fe833670a140b9b6085652f0e26, type: 3}
      propertyPath: m_Name
      value: Rock_02 (11)
      objectReference: {fileID: 0}
    - target: {fileID: 4000010653347892, guid: d7ba4fe833670a140b9b6085652f0e26, type: 3}
      propertyPath: m_LocalScale.x
      value: 9.545255
      objectReference: {fileID: 0}
    - target: {fileID: 4000010653347892, guid: d7ba4fe833670a140b9b6085652f0e26, type: 3}
      propertyPath: m_LocalScale.y
      value: 9.545255
      objectReference: {fileID: 0}
    - target: {fileID: 4000010653347892, guid: d7ba4fe833670a140b9b6085652f0e26, type: 3}
      propertyPath: m_LocalScale.z
      value: 9.545255
      objectReference: {fileID: 0}
    - target: {fileID: 4000010653347892, guid: d7ba4fe833670a140b9b6085652f0e26, type: 3}
      propertyPath: m_LocalPosition.x
      value: -203.4
      objectReference: {fileID: 0}
    - target: {fileID: 4000010653347892, guid: d7ba4fe833670a140b9b6085652f0e26, type: 3}
      propertyPath: m_LocalPosition.y
      value: 26.96
      objectReference: {fileID: 0}
    - target: {fileID: 4000010653347892, guid: d7ba4fe833670a140b9b6085652f0e26, type: 3}
      propertyPath: m_LocalPosition.z
      value: -118.649994
      objectReference: {fileID: 0}
    - target: {fileID: 4000010653347892, guid: d7ba4fe833670a140b9b6085652f0e26, type: 3}
      propertyPath: m_LocalRotation.w
      value: 0.17151508
      objectReference: {fileID: 0}
    - target: {fileID: 4000010653347892, guid: d7ba4fe833670a140b9b6085652f0e26, type: 3}
      propertyPath: m_LocalRotation.x
      value: -0.30296752
      objectReference: {fileID: 0}
    - target: {fileID: 4000010653347892, guid: d7ba4fe833670a140b9b6085652f0e26, type: 3}
      propertyPath: m_LocalRotation.y
      value: -0.74918205
      objectReference: {fileID: 0}
    - target: {fileID: 4000010653347892, guid: d7ba4fe833670a140b9b6085652f0e26, type: 3}
      propertyPath: m_LocalRotation.z
      value: -0.56348884
      objectReference: {fileID: 0}
    - target: {fileID: 4000010653347892, guid: d7ba4fe833670a140b9b6085652f0e26, type: 3}
      propertyPath: m_LocalEulerAnglesHint.x
      value: -71.485
      objectReference: {fileID: 0}
    - target: {fileID: 4000010653347892, guid: d7ba4fe833670a140b9b6085652f0e26, type: 3}
      propertyPath: m_LocalEulerAnglesHint.y
      value: -195.422
      objectReference: {fileID: 0}
    - target: {fileID: 4000010653347892, guid: d7ba4fe833670a140b9b6085652f0e26, type: 3}
      propertyPath: m_LocalEulerAnglesHint.z
      value: 55.168
      objectReference: {fileID: 0}
    m_RemovedComponents: []
    m_RemovedGameObjects: []
    m_AddedGameObjects: []
    m_AddedComponents: []
  m_SourcePrefab: {fileID: 100100000, guid: d7ba4fe833670a140b9b6085652f0e26, type: 3}
--- !u!1001 &1702591049
PrefabInstance:
  m_ObjectHideFlags: 0
  serializedVersion: 2
  m_Modification:
    serializedVersion: 3
    m_TransformParent: {fileID: 0}
    m_Modifications:
    - target: {fileID: 100000, guid: 9c17d66b88dfce54d99d6710ec954c13, type: 3}
      propertyPath: m_Name
      value: pf_build_wall_panel_01 (16)
      objectReference: {fileID: 0}
    - target: {fileID: 100000, guid: 9c17d66b88dfce54d99d6710ec954c13, type: 3}
      propertyPath: m_IsActive
      value: 1
      objectReference: {fileID: 0}
    - target: {fileID: 100002, guid: 9c17d66b88dfce54d99d6710ec954c13, type: 3}
      propertyPath: m_StaticEditorFlags
      value: 126
      objectReference: {fileID: 0}
    - target: {fileID: 100004, guid: 9c17d66b88dfce54d99d6710ec954c13, type: 3}
      propertyPath: m_StaticEditorFlags
      value: 126
      objectReference: {fileID: 0}
    - target: {fileID: 400000, guid: 9c17d66b88dfce54d99d6710ec954c13, type: 3}
      propertyPath: m_RootOrder
      value: 30
      objectReference: {fileID: 0}
    - target: {fileID: 400000, guid: 9c17d66b88dfce54d99d6710ec954c13, type: 3}
      propertyPath: m_LocalPosition.x
      value: -154.15
      objectReference: {fileID: 0}
    - target: {fileID: 400000, guid: 9c17d66b88dfce54d99d6710ec954c13, type: 3}
      propertyPath: m_LocalPosition.y
      value: 14.33
      objectReference: {fileID: 0}
    - target: {fileID: 400000, guid: 9c17d66b88dfce54d99d6710ec954c13, type: 3}
      propertyPath: m_LocalPosition.z
      value: -35.24
      objectReference: {fileID: 0}
    - target: {fileID: 400000, guid: 9c17d66b88dfce54d99d6710ec954c13, type: 3}
      propertyPath: m_LocalRotation.w
      value: 0.93286896
      objectReference: {fileID: 0}
    - target: {fileID: 400000, guid: 9c17d66b88dfce54d99d6710ec954c13, type: 3}
      propertyPath: m_LocalRotation.x
      value: -0
      objectReference: {fileID: 0}
    - target: {fileID: 400000, guid: 9c17d66b88dfce54d99d6710ec954c13, type: 3}
      propertyPath: m_LocalRotation.y
      value: -0.360216
      objectReference: {fileID: 0}
    - target: {fileID: 400000, guid: 9c17d66b88dfce54d99d6710ec954c13, type: 3}
      propertyPath: m_LocalRotation.z
      value: -0
      objectReference: {fileID: 0}
    - target: {fileID: 400000, guid: 9c17d66b88dfce54d99d6710ec954c13, type: 3}
      propertyPath: m_LocalEulerAnglesHint.y
      value: -42.227
      objectReference: {fileID: 0}
    - target: {fileID: 2300000, guid: 9c17d66b88dfce54d99d6710ec954c13, type: 3}
      propertyPath: m_LightmapIndexDynamic
      value: 0
      objectReference: {fileID: 0}
    - target: {fileID: 2300000, guid: 9c17d66b88dfce54d99d6710ec954c13, type: 3}
      propertyPath: m_LightmapTilingOffsetDynamic.w
      value: .787109375
      objectReference: {fileID: 0}
    - target: {fileID: 2300000, guid: 9c17d66b88dfce54d99d6710ec954c13, type: 3}
      propertyPath: m_LightmapTilingOffsetDynamic.x
      value: .041015625
      objectReference: {fileID: 0}
    - target: {fileID: 2300000, guid: 9c17d66b88dfce54d99d6710ec954c13, type: 3}
      propertyPath: m_LightmapTilingOffsetDynamic.y
      value: .0546875
      objectReference: {fileID: 0}
    - target: {fileID: 2300000, guid: 9c17d66b88dfce54d99d6710ec954c13, type: 3}
      propertyPath: m_LightmapTilingOffsetDynamic.z
      value: .5625
      objectReference: {fileID: 0}
    m_RemovedComponents: []
    m_RemovedGameObjects: []
    m_AddedGameObjects: []
    m_AddedComponents: []
  m_SourcePrefab: {fileID: 100100000, guid: 9c17d66b88dfce54d99d6710ec954c13, type: 3}
--- !u!1001 &1817560234
PrefabInstance:
  m_ObjectHideFlags: 0
  serializedVersion: 2
  m_Modification:
    serializedVersion: 3
    m_TransformParent: {fileID: 0}
    m_Modifications:
    - target: {fileID: 100000, guid: 9c17d66b88dfce54d99d6710ec954c13, type: 3}
      propertyPath: m_Name
      value: pf_build_wall_panel_01 (7)
      objectReference: {fileID: 0}
    - target: {fileID: 100000, guid: 9c17d66b88dfce54d99d6710ec954c13, type: 3}
      propertyPath: m_IsActive
      value: 1
      objectReference: {fileID: 0}
    - target: {fileID: 100002, guid: 9c17d66b88dfce54d99d6710ec954c13, type: 3}
      propertyPath: m_StaticEditorFlags
      value: 126
      objectReference: {fileID: 0}
    - target: {fileID: 100004, guid: 9c17d66b88dfce54d99d6710ec954c13, type: 3}
      propertyPath: m_StaticEditorFlags
      value: 126
      objectReference: {fileID: 0}
    - target: {fileID: 400000, guid: 9c17d66b88dfce54d99d6710ec954c13, type: 3}
      propertyPath: m_RootOrder
      value: 30
      objectReference: {fileID: 0}
    - target: {fileID: 400000, guid: 9c17d66b88dfce54d99d6710ec954c13, type: 3}
      propertyPath: m_LocalScale.x
      value: 0.74999994
      objectReference: {fileID: 0}
    - target: {fileID: 400000, guid: 9c17d66b88dfce54d99d6710ec954c13, type: 3}
      propertyPath: m_LocalPosition.x
      value: -173.09
      objectReference: {fileID: 0}
    - target: {fileID: 400000, guid: 9c17d66b88dfce54d99d6710ec954c13, type: 3}
      propertyPath: m_LocalPosition.y
      value: 17.352999
      objectReference: {fileID: 0}
    - target: {fileID: 400000, guid: 9c17d66b88dfce54d99d6710ec954c13, type: 3}
      propertyPath: m_LocalPosition.z
      value: -40.80867
      objectReference: {fileID: 0}
    - target: {fileID: 400000, guid: 9c17d66b88dfce54d99d6710ec954c13, type: 3}
      propertyPath: m_LocalRotation.w
      value: 0.8531341
      objectReference: {fileID: 0}
    - target: {fileID: 400000, guid: 9c17d66b88dfce54d99d6710ec954c13, type: 3}
      propertyPath: m_LocalRotation.x
      value: -0.030338177
      objectReference: {fileID: 0}
    - target: {fileID: 400000, guid: 9c17d66b88dfce54d99d6710ec954c13, type: 3}
      propertyPath: m_LocalRotation.y
      value: 0.52047986
      objectReference: {fileID: 0}
    - target: {fileID: 400000, guid: 9c17d66b88dfce54d99d6710ec954c13, type: 3}
      propertyPath: m_LocalRotation.z
      value: 0.018508704
      objectReference: {fileID: 0}
    - target: {fileID: 400000, guid: 9c17d66b88dfce54d99d6710ec954c13, type: 3}
      propertyPath: m_LocalEulerAnglesHint.x
      value: -4.073
      objectReference: {fileID: 0}
    - target: {fileID: 400000, guid: 9c17d66b88dfce54d99d6710ec954c13, type: 3}
      propertyPath: m_LocalEulerAnglesHint.y
      value: 62.773
      objectReference: {fileID: 0}
    - target: {fileID: 2300000, guid: 9c17d66b88dfce54d99d6710ec954c13, type: 3}
      propertyPath: m_LightmapIndexDynamic
      value: 0
      objectReference: {fileID: 0}
    - target: {fileID: 2300000, guid: 9c17d66b88dfce54d99d6710ec954c13, type: 3}
      propertyPath: m_LightmapTilingOffsetDynamic.w
      value: .787109375
      objectReference: {fileID: 0}
    - target: {fileID: 2300000, guid: 9c17d66b88dfce54d99d6710ec954c13, type: 3}
      propertyPath: m_LightmapTilingOffsetDynamic.x
      value: .041015625
      objectReference: {fileID: 0}
    - target: {fileID: 2300000, guid: 9c17d66b88dfce54d99d6710ec954c13, type: 3}
      propertyPath: m_LightmapTilingOffsetDynamic.y
      value: .0546875
      objectReference: {fileID: 0}
    - target: {fileID: 2300000, guid: 9c17d66b88dfce54d99d6710ec954c13, type: 3}
      propertyPath: m_LightmapTilingOffsetDynamic.z
      value: .5625
      objectReference: {fileID: 0}
    m_RemovedComponents: []
    m_RemovedGameObjects: []
    m_AddedGameObjects: []
    m_AddedComponents: []
  m_SourcePrefab: {fileID: 100100000, guid: 9c17d66b88dfce54d99d6710ec954c13, type: 3}
--- !u!1001 &1831596919
PrefabInstance:
  m_ObjectHideFlags: 0
  serializedVersion: 2
  m_Modification:
    serializedVersion: 3
    m_TransformParent: {fileID: 0}
    m_Modifications:
    - target: {fileID: 1000012968262300, guid: 30b99e7dc1382e346a7f9789de00de5e, type: 3}
      propertyPath: m_Name
      value: Rock_01 (12)
      objectReference: {fileID: 0}
    - target: {fileID: 4000010968662070, guid: 30b99e7dc1382e346a7f9789de00de5e, type: 3}
      propertyPath: m_LocalScale.x
      value: 4.6328
      objectReference: {fileID: 0}
    - target: {fileID: 4000010968662070, guid: 30b99e7dc1382e346a7f9789de00de5e, type: 3}
      propertyPath: m_LocalScale.y
      value: 4.6328
      objectReference: {fileID: 0}
    - target: {fileID: 4000010968662070, guid: 30b99e7dc1382e346a7f9789de00de5e, type: 3}
      propertyPath: m_LocalScale.z
      value: 6.470632
      objectReference: {fileID: 0}
    - target: {fileID: 4000010968662070, guid: 30b99e7dc1382e346a7f9789de00de5e, type: 3}
      propertyPath: m_LocalPosition.x
      value: -143.97868
      objectReference: {fileID: 0}
    - target: {fileID: 4000010968662070, guid: 30b99e7dc1382e346a7f9789de00de5e, type: 3}
      propertyPath: m_LocalPosition.y
      value: 12.147464
      objectReference: {fileID: 0}
    - target: {fileID: 4000010968662070, guid: 30b99e7dc1382e346a7f9789de00de5e, type: 3}
      propertyPath: m_LocalPosition.z
      value: -65.15886
      objectReference: {fileID: 0}
    - target: {fileID: 4000010968662070, guid: 30b99e7dc1382e346a7f9789de00de5e, type: 3}
      propertyPath: m_LocalRotation.w
      value: 0.32061106
      objectReference: {fileID: 0}
    - target: {fileID: 4000010968662070, guid: 30b99e7dc1382e346a7f9789de00de5e, type: 3}
      propertyPath: m_LocalRotation.x
      value: 0.8851141
      objectReference: {fileID: 0}
    - target: {fileID: 4000010968662070, guid: 30b99e7dc1382e346a7f9789de00de5e, type: 3}
      propertyPath: m_LocalRotation.y
      value: 0.29291126
      objectReference: {fileID: 0}
    - target: {fileID: 4000010968662070, guid: 30b99e7dc1382e346a7f9789de00de5e, type: 3}
      propertyPath: m_LocalRotation.z
      value: -0.16728623
      objectReference: {fileID: 0}
    - target: {fileID: 4000010968662070, guid: 30b99e7dc1382e346a7f9789de00de5e, type: 3}
      propertyPath: m_LocalEulerAnglesHint.x
      value: 41.725
      objectReference: {fileID: 0}
    - target: {fileID: 4000010968662070, guid: 30b99e7dc1382e346a7f9789de00de5e, type: 3}
      propertyPath: m_LocalEulerAnglesHint.y
      value: 188.344
      objectReference: {fileID: 0}
    - target: {fileID: 4000010968662070, guid: 30b99e7dc1382e346a7f9789de00de5e, type: 3}
      propertyPath: m_LocalEulerAnglesHint.z
      value: 146.563
      objectReference: {fileID: 0}
    m_RemovedComponents: []
    m_RemovedGameObjects: []
    m_AddedGameObjects: []
    m_AddedComponents: []
  m_SourcePrefab: {fileID: 100100000, guid: 30b99e7dc1382e346a7f9789de00de5e, type: 3}
--- !u!1001 &1868149146
PrefabInstance:
  m_ObjectHideFlags: 0
  serializedVersion: 2
  m_Modification:
    serializedVersion: 3
    m_TransformParent: {fileID: 0}
    m_Modifications:
    - target: {fileID: 100000, guid: 9c17d66b88dfce54d99d6710ec954c13, type: 3}
      propertyPath: m_Name
      value: pf_build_wall_panel_01 (9)
      objectReference: {fileID: 0}
    - target: {fileID: 100000, guid: 9c17d66b88dfce54d99d6710ec954c13, type: 3}
      propertyPath: m_IsActive
      value: 1
      objectReference: {fileID: 0}
    - target: {fileID: 100002, guid: 9c17d66b88dfce54d99d6710ec954c13, type: 3}
      propertyPath: m_StaticEditorFlags
      value: 126
      objectReference: {fileID: 0}
    - target: {fileID: 100004, guid: 9c17d66b88dfce54d99d6710ec954c13, type: 3}
      propertyPath: m_StaticEditorFlags
      value: 126
      objectReference: {fileID: 0}
    - target: {fileID: 400000, guid: 9c17d66b88dfce54d99d6710ec954c13, type: 3}
      propertyPath: m_RootOrder
      value: 30
      objectReference: {fileID: 0}
    - target: {fileID: 400000, guid: 9c17d66b88dfce54d99d6710ec954c13, type: 3}
      propertyPath: m_LocalPosition.x
      value: -157.45
      objectReference: {fileID: 0}
    - target: {fileID: 400000, guid: 9c17d66b88dfce54d99d6710ec954c13, type: 3}
      propertyPath: m_LocalPosition.y
      value: 15.31
      objectReference: {fileID: 0}
    - target: {fileID: 400000, guid: 9c17d66b88dfce54d99d6710ec954c13, type: 3}
      propertyPath: m_LocalPosition.z
      value: -31.28
      objectReference: {fileID: 0}
    - target: {fileID: 400000, guid: 9c17d66b88dfce54d99d6710ec954c13, type: 3}
      propertyPath: m_LocalRotation.w
      value: 0.9328692
      objectReference: {fileID: 0}
    - target: {fileID: 400000, guid: 9c17d66b88dfce54d99d6710ec954c13, type: 3}
      propertyPath: m_LocalRotation.x
      value: -0
      objectReference: {fileID: 0}
    - target: {fileID: 400000, guid: 9c17d66b88dfce54d99d6710ec954c13, type: 3}
      propertyPath: m_LocalRotation.y
      value: -0.36021554
      objectReference: {fileID: 0}
    - target: {fileID: 400000, guid: 9c17d66b88dfce54d99d6710ec954c13, type: 3}
      propertyPath: m_LocalRotation.z
      value: -0
      objectReference: {fileID: 0}
    - target: {fileID: 400000, guid: 9c17d66b88dfce54d99d6710ec954c13, type: 3}
      propertyPath: m_LocalEulerAnglesHint.y
      value: -42.227
      objectReference: {fileID: 0}
    - target: {fileID: 2300000, guid: 9c17d66b88dfce54d99d6710ec954c13, type: 3}
      propertyPath: m_LightmapIndexDynamic
      value: 0
      objectReference: {fileID: 0}
    - target: {fileID: 2300000, guid: 9c17d66b88dfce54d99d6710ec954c13, type: 3}
      propertyPath: m_LightmapTilingOffsetDynamic.w
      value: .787109375
      objectReference: {fileID: 0}
    - target: {fileID: 2300000, guid: 9c17d66b88dfce54d99d6710ec954c13, type: 3}
      propertyPath: m_LightmapTilingOffsetDynamic.x
      value: .041015625
      objectReference: {fileID: 0}
    - target: {fileID: 2300000, guid: 9c17d66b88dfce54d99d6710ec954c13, type: 3}
      propertyPath: m_LightmapTilingOffsetDynamic.y
      value: .0546875
      objectReference: {fileID: 0}
    - target: {fileID: 2300000, guid: 9c17d66b88dfce54d99d6710ec954c13, type: 3}
      propertyPath: m_LightmapTilingOffsetDynamic.z
      value: .5625
      objectReference: {fileID: 0}
    m_RemovedComponents: []
    m_RemovedGameObjects: []
    m_AddedGameObjects: []
    m_AddedComponents: []
  m_SourcePrefab: {fileID: 100100000, guid: 9c17d66b88dfce54d99d6710ec954c13, type: 3}
--- !u!1001 &1909159699
PrefabInstance:
  m_ObjectHideFlags: 0
  serializedVersion: 2
  m_Modification:
    serializedVersion: 3
    m_TransformParent: {fileID: 0}
    m_Modifications:
    - target: {fileID: 1000010869019282, guid: d7ba4fe833670a140b9b6085652f0e26, type: 3}
      propertyPath: m_Name
      value: Rock_02 (12)
      objectReference: {fileID: 0}
    - target: {fileID: 4000010653347892, guid: d7ba4fe833670a140b9b6085652f0e26, type: 3}
      propertyPath: m_LocalScale.x
      value: 3.4708457
      objectReference: {fileID: 0}
    - target: {fileID: 4000010653347892, guid: d7ba4fe833670a140b9b6085652f0e26, type: 3}
      propertyPath: m_LocalScale.y
      value: 3.4708457
      objectReference: {fileID: 0}
    - target: {fileID: 4000010653347892, guid: d7ba4fe833670a140b9b6085652f0e26, type: 3}
      propertyPath: m_LocalScale.z
      value: 4.4676723
      objectReference: {fileID: 0}
    - target: {fileID: 4000010653347892, guid: d7ba4fe833670a140b9b6085652f0e26, type: 3}
      propertyPath: m_LocalPosition.x
      value: -163.65
      objectReference: {fileID: 0}
    - target: {fileID: 4000010653347892, guid: d7ba4fe833670a140b9b6085652f0e26, type: 3}
      propertyPath: m_LocalPosition.y
      value: 17.46
      objectReference: {fileID: 0}
    - target: {fileID: 4000010653347892, guid: d7ba4fe833670a140b9b6085652f0e26, type: 3}
      propertyPath: m_LocalPosition.z
      value: -125.149994
      objectReference: {fileID: 0}
    - target: {fileID: 4000010653347892, guid: d7ba4fe833670a140b9b6085652f0e26, type: 3}
      propertyPath: m_LocalRotation.w
      value: -0.27716652
      objectReference: {fileID: 0}
    - target: {fileID: 4000010653347892, guid: d7ba4fe833670a140b9b6085652f0e26, type: 3}
      propertyPath: m_LocalRotation.x
      value: -0.74398166
      objectReference: {fileID: 0}
    - target: {fileID: 4000010653347892, guid: d7ba4fe833670a140b9b6085652f0e26, type: 3}
      propertyPath: m_LocalRotation.y
      value: -0.3155223
      objectReference: {fileID: 0}
    - target: {fileID: 4000010653347892, guid: d7ba4fe833670a140b9b6085652f0e26, type: 3}
      propertyPath: m_LocalRotation.z
      value: -0.5197266
      objectReference: {fileID: 0}
    - target: {fileID: 4000010653347892, guid: d7ba4fe833670a140b9b6085652f0e26, type: 3}
      propertyPath: m_LocalEulerAnglesHint.x
      value: 4.844
      objectReference: {fileID: 0}
    - target: {fileID: 4000010653347892, guid: d7ba4fe833670a140b9b6085652f0e26, type: 3}
      propertyPath: m_LocalEulerAnglesHint.y
      value: -252.108
      objectReference: {fileID: 0}
    - target: {fileID: 4000010653347892, guid: d7ba4fe833670a140b9b6085652f0e26, type: 3}
      propertyPath: m_LocalEulerAnglesHint.z
      value: 130.509
      objectReference: {fileID: 0}
    m_RemovedComponents: []
    m_RemovedGameObjects: []
    m_AddedGameObjects: []
    m_AddedComponents: []
  m_SourcePrefab: {fileID: 100100000, guid: d7ba4fe833670a140b9b6085652f0e26, type: 3}
--- !u!1660057539 &9223372036854775807
SceneRoots:
  m_ObjectHideFlags: 0
  m_Roots:
  - {fileID: 102906078}
  - {fileID: 676865285}
  - {fileID: 1831596919}
  - {fileID: 838299520}
  - {fileID: 608694445}
  - {fileID: 1909159699}
  - {fileID: 878049607}
  - {fileID: 1082585662}
  - {fileID: 599068214}
  - {fileID: 1127607025}
  - {fileID: 1388450050}
  - {fileID: 951141574}
  - {fileID: 885185800}
  - {fileID: 29206932}
  - {fileID: 1093079714}
  - {fileID: 1425943615}
  - {fileID: 1817560234}
  - {fileID: 1097071644}
  - {fileID: 70563680}
  - {fileID: 889793437}
  - {fileID: 1868149146}
  - {fileID: 1702591049}
  - {fileID: 438854165}
